3150 5150
755 553 1069 624 LIBER
1132 556 1435 625 XVIII.
1727 592 1735 599 ·
2001 558 2153 654 995

89 696 346 786 jugerum
395 708 587 779 opera
634 712 649 752 ε
707 699 773 754 et
819 685 929 754 uhi
972 689 1259 781 patietur
1303 685 1429 756 loci
1489 689 1702 771 ratio,
1769 686 2035 756 arbusta
2078 712 2157 757 ac

94 801 276 865 vineas
299 786 556 888 putare,
589 793 951 860 seminariis
986 781 1199 861 solum
1253 793 1496 888 bipalio
1540 817 1950 888 praeparare,
1997 795 2155 863 inci—

91 888 193 971 lia³
228 885 492 995 aperire,
527 920 766 992 aquam
802 898 886 967 de
932 922 1095 994 agro
1131 896 1407 993 pellere,
1453 898 1749 969 torcular
1791 887 2052 969 lavare⁶
2092 914 2158 969 et

91 1007 413 1076 recondere.
461 1007 515 1072 A
553 1003 848 1075 kalendis
888 1005 1266 1074 novembris
1309 1004 1565 1100 gallinis
1609 1030 1735 1074 ova
1784 1029 2160 1102 supponere

92 1113 286 1198 nolito,
311 1112 511 1181 donec
537 1111 779 1180 bruma
816 1111 1224 1181 conficiatur.
1267 1117 1342 1181 In
1372 1124 1521 1181 ‘eum
1550 1098 1766 1181 diem⁵
1797 1112 2157 1181 ternadena

90 1221 343 1312 subjicito
392 1230 611 1287 aestate
651 1232 821 1305 tota,
874 1219 1094 1289 hieme
1140 1221 1484 1312 pauciora,
1532 1244 1668 1287 non
1714 1229 1934 1287 tamen
1987 1219 2157 1287 infra

89 1350 320 1394 novena.
374 1326 795 1395 Democritus
836 1325 1031 1393 talem
1080 1325 1370 1394 futuram
1424 1326 1711 1394 hiemem
1755 1324 2153 1404 arbitratur,
2199 1361 2228 1393 α

89 1431 259 1525 qualis
295 1431 481 1500 fuerit
508 1431 774 1500 hrumae
805 1431 979 1518 dies,
1032 1445 1097 1500 et
1134 1431 1309 1501 circa
1356 1456 1509 1501 eum
1559 1433 1729 1500 terni
1766 1457 1784 1499 z
1833 1434 1987 1500 item
2032 1430 2158 1500 sol—

88 1540 234 1606 stitio
264 1552 563 1607 aestatern.
606 1538 797 1607 Circa
831 1538 1133 1607 brumam
1170 1537 1496 1633 plerisque
1527 1537 1628 1607 bis
1665 1551 1914 1632 septem
1929 1522 1979 1622 ⁶,
2018 1537 2160 1605 hal-

90 1668 325 1736 cyonum
367 1643 615 1729 fetura,
650 1659 999 1713 ventorum
1036 1647 1288 1740 quiete,
1334 1644 1601 1714 mollius
1645 1644 1873 1715 caelum
1902 1667 1917 1711 τ
1948 1642 2060 1712 sed
2097 1656 2164 1711 et

90 1751 141 1816 in
164 1750 249 1818 his
278 1751 425 1818 etin
464 1748 608 1819 aliis
643 1751 947 1830 omnibus
985 1776 1065 1820 ex
1104 1766 1346 1821 eventu
1389 1750 1942 1847 significationum
1977 1749 2162 1818 intel-

92 1854 177 1949 ligi
206 1855 395 1924 sidera
422 1855 761 1927 debebunt
784 1912 803 1945 ‚
839 1883 973 1927 non
1004 1856 1089 1926 ad
1117 1857 1255 1928 dies
1295 1861 1520 1953 utique
1556 1858 1911 1954 praefinitos
1950 1880 2168 1950 exspe-

90 1964 220 2029 ctari
257 1976 704 2057 tempestatum
748 1962 1147 2033 vadimonia.

175 2070 392 2137 LXIII.
437 2071 565 2139 Per
619 2069 969 2139 brumamss
1008 2073 1208 2139 vitem
1246 2095 1330 2139 ne
1372 2068 1596 2138 colito.
1646 2069 1820 2137 Vina
1857 2082 1998 2137 tum
2049 2064 2165 2135 de·
2210 2103 2230 2137 ι

90 2174 301 2262 faemri,
343 2173 442 2244 vel
492 2177 695 2245 etiam
741 2174 1074 2246 diffundi²
1121 2178 1420 2273 Hyginus
1466 2174 1730 2262 suadet,
1777 2198 1816 2243 a
1864 2173 2168 2244 confecta

91 2359 200 2412 Galli
231 2358 447 2414 dicunt:
483 2381 586 2432 par
606 2365 846 2433 journe'es.
874 2360 1057 2415 th'n.
1139 2351 1428 2439 ‘diligenter
1481 2361 1591 2413 lota
1656 2359 1858 2413 marina
1919 2372 1973 2411 et
2034 2376 2167 2429 aqua

152 2439 193 2491 3.
215 2441 390 2494 lucilia.
412 2441 602 2494 lucilia
627 2455 751 2495 suut
788 2441 1059 2513 principia
1144 2443 1273 2495 salsa
1305 2466 1326 2486 ι
1355 2452 1469 2493 tum
1498 2440 1651 2510 jubet
1679 2456 1825 2492 esse:
1861 2465 1884 2486 ι
1909 2439 2170 2491 Torcula-

89 2519 327 2585 sooearum,
355 2521 546 2594 quibus
578 2540 611 2574 e
642 2520 891 2587 flumine,
917 2514 1005 2583 jx'rel
1028 2540 1059 2574 e
1143 2522 1222 2575 ria
1248 2538 1374 2573 vero
1408 2533 1461 2572 et
1501 2520 1618 2572 fora
1656 2516 1941 2592 diligenter
1981 2536 2171 2572 emun-

88 2601 180 2652 lncu
214 2598 387 2654 deduci
428 2620 582 2674 aquo
629 2601 853 2671 possint.
888 2601 1023 2675 Cato
1044 2641 1059 2665 ,
1141 2601 1300 2661 data,
1328 2600 1559 2671 lotaque.
1593 2625 1615 2647 ι
1651 2597 1833 2650 ΒΑΜ).

89 2697 281 2748 mp.c1.v
304 2698 317 2733 ε
348 2708 369 2729 ι
393 2682 493 2735 Per
516 2683 751 2734 hiemem
779 2682 969 2754 aquam
992 2671 1060 2733 db
1230 2681 1282 2734 5.
1312 2682 1369 2733 In
1384 2700 1488 2731 eum
1507 2680 1649 2732 diem.
1667 2677 1810 2733 Vide
1829 2678 1924 2730 lib.
1946 2677 1997 2730 X
2013 2715 2030 2742 ,
2057 2696 2172 2748 cap.

89 2776 188 2827 agro
212 2758 454 2829 depellere
475 2774 708 2833 oportet.
730 2756 913 2825 Quunl
934 2778 1059 2813 vero
1149 2768 1220 2831 74
1249 2767 1303 2812 et
1337 2759 1433 2825 75.
1457 2758 1644 2835 Ihm).

88 2839 234 2905 pluere
256 2839 493 2911 incipiet,
525 2839 785 2895 familiam
813 2859 935 2894 cum
954 2840 1062 2892 ser·
1135 2838 1147 2845 ’
1227 2828 1293 2893 6.(
1328 2839 1420 2891 Bis
1477 2849 1668 2908 septem.
1719 2838 1928 2890 Diebus
1972 2836 2176 2890 scilicet

87 2919 168 2968 reis
192 2920 387 2972 sarculis
405 2921 552 2973 exire
574 2931 823 2989 oportet,
852 2934 904 2972 et
924 2912 1063 2972 'inc3-
1146 2917 1283 2971 circa
1307 2916 1575 2971 brum'am.
1595 2917 1660 2970 Id
1675 2936 1802 2970 vero
1819 2915 2086 2990 plerisque
2107 2916 2177 2969 ita

84 2997 139 3048 lia
177 2999 388 3068 aperire,
447 3018 643 3074 aquam
700 2998 951 3053 diducere
1004 2999 1060 3051 in
1145 2998 1317 3054 visum
1378 3017 1487 3050 esse
1534 2998 1641 3062 ait,
1675 3016 1800 3049 nam
1846 2995 1960 3048 aliis
1998 2995 2171 3048 aliter.

87 3076 255 3140 vias,et
276 3094 492 3150 segetem
517 3097 707 3132 curare
724 3091 965 3150 oportet,
984 3079 1062 3131 uti
1148 3078 1360 3132 Colum.
1392 3079 1471 3131 XI
1486 3116 1501 3141 ,
1545 3098 1572 3128 α
1591 3115 1606 3141 ,
1639 3075 1961 3146 halcyonem
1991 3073 2102 3125 dies
2124 3074 2178 3126 in

84 3154 202 3208 fluat,
236 3183 255 3205 ι
300 3158 467 3213 Elices
512 3171 566 3212 et
605 3160 780 3213 sulcos
821 3159 1063 3231 aquarios
1148 3172 1439 3210 extremum
1495 3155 1821 3208 februarium
1875 3152 2176 3224 rejiciente:

84 3238 275 3305 appellat
326 3239 622 3292 Columella
647 3280 662 3304 ,
697 3240 747 3293 Ἰ.
791 3256 838 3293 c.
876 3239 1063 3292 Incilia
1156 3264 1177 3284 ι
1209 3237 1345 3289 VIII
1398 3234 1647 3288 kalendas
1712 3233 1907 3297 maias,
1967 3231 2184 3302 inquit,

82 3314 219 3381 idem,
255 3317 345 3371 lib.
368 3320 439 3382 V,
468 3341 501 3390 9
531 3339 546 3371 ε
574 3342 597 3362 ι
626 3319 683 3371 Si
704 3319 821 3371 olea
843 3319 898 3371 in
924 3320 1063 3371 clivo
1141 3314 1428 3389 'halcyouei
1465 3313 1579 3368 dies
1605 3325 1890 3367 vocantur:
1921 3311 1975 3363 in
1999 3311 2180 3364 Atlan-

77 3395 156 3460 tit,
186 3397 351 3451 incilia
386 3399 688 3452 excitentur
706 3439 721 3463 ,
772 3417 889 3467 qum
915 3398 1066 3451 limo·
1142 3395 1253 3449 ‘tico
1281 3394 1498 3467 quidem
1533 3394 1668 3446 inari
1695 3409 1900 3444 summa
1919 3391 2180 3462 tranquil·

81 3493 166 3527 sam
185 3495 360 3544 aquam
381 3477 670 3532 deducant.
711 3505 732 3525 ι·
762 3476 945 3532 Hum.
1149 3476 1265 3530 litas
1292 3487 1473 3528 notata
1503 3485 1600 3527 est.
1629 3497 1652 3520 ι
1680 3472 1859 3524 Ηηι).
2197 3475 2200 3479 ’

143 3569 186 3617 4.
221 3556 415 3613 Laura
438 3559 531 3612 Sic
577 3558 702 3612 libri
738 3576 921 3612 omnes
950 3571 1065 3611 tum
1229 3555 1427 3607 LXIII.
1459 3573 1505 3607 1.
1534 3555 1636 3606 Per
1655 3553 1885 3604 brumam.
1917 3550 2094 3602 Varro
2116 3545 2185 3602 de

75 3636 278 3701 publici,
305 3651 415 3691 tum
438 3639 598 3693 etiam
624 3637 918 3702 conditivi‘,
948 3649 1067 3690 ante
1150 3637 1229 3688 Re
1257 3633 1406 3688 Rust.
1429 3635 1489 3698 1,
1522 3630 1592 3686 35
1630 3651 1643 3685 :
1689 3659 1710 3680 ι
1743 3630 1984 3702 Septimo
2015 3629 2181 3682 inter-

76 3714 468 3790 Dalecampium,
490 3736 598 3789 quo
612 3730 827 3771 auctore
842 3716 897 3769 in
919 3717 1068 3768 libris
1151 3715 1295 3768 vallo
1337 3714 1477 3766 inter
1503 3710 1865 3783 Vergiliarum
1900 3728 2145 3763 occasum
2170 3747 2184 3767 ,

68 3791 292 3867 deinceps
326 3797 484 3851 editis
525 3799 677 3850 levare
715 3797 923 3867 legitur.
964 3793 1068 3850 Sed
1157 3809 1209 3848 et
1235 3795 1481 3848 brumam
1515 3826 1528 3841 .
1555 3825 1568 3840 .
1595 3827 1608 3839 .
1645 3791 1823 3844 vineas
1835 3829 1852 3854 ,
1881 3789 2185 3843 arbustum-

73 3890 177 3926 sane
212 3893 511 3946 perperam.
564 3876 700 3929 Nam
738 3875 1068 3939 Columella,
1157 3893 1260 3946 que
1309 3879 1496 3944 putare
1543 3891 1556 3924 t
1606 3870 1761 3924 dum'
1788 3871 1841 3922 in
1882 3887 1950 3921 xv
1996 3868 2188 3920 diebus

69 3952 137 4014 Π,
167 3973 220 4007 11
244 3994 258 4020 ,
306 3973 475 4028 quum
511 3957 671 4028 hujus
704 3956 868 4029 ipsius
908 3956 1070 4008 inter·
1160 3967 1277 4008 ante
1303 3967 1355 4006 et
1377 3965 1496 4024 post
1522 3953 1766 4004 brumam
1786 3990 1800 4003 .
1820 3988 1832 4000 .
1854 3967 1949 4001 ‚ne
1967 3947 2179 4000 facias.-

69 4034 174 4085 valli
185 4036 438 4089 rusticum
459 4055 597 4109 opus
615 4034 802 4089 definit
820 4076 834 4101 ,
857 4061 877 4082 ι
906 4035 1074 4107 Oper·
1161 4034 1372 4089 Colum.
1393 4033 1487 4085 lib.
1511 4027 1580 4084 de
1602 4031 1794 4083 Arbor.
1825 4028 1853 4081 5
1877 4028 2046 4081 :·Per
2061 4027 2187 4077 bru-

68 4113 196 4176 cula,
230 4116 341 4170 cola
360 4158 375 4180 ,
408 4129 461 4170 et
499 4130 685 4170 catera
731 4122 839 4169 siue
884 4115 1075 4186 quibus
1163 4133 1306 4167 mam
1332 4113 1491 4164 vitem
1511 4130 1581 4166 ne
1599 4110 1790 4173 colit0,
1812 4120 1914 4160 etc.
1950 4131 1970 4177 q
1997 4104 2063 4157 Η.

67 4195 218 4261 probe
243 4196 440 4250 confici
472 4209 708 4252 mustum
731 4214 839 4249 non
864 4206 1036 4266 potest
1055 4231 1071 4257 ,
1193 4214 1203 4221 “
1246 4202 1295 4246 2'.
1343 4192 1442 4243 Vel
1479 4195 1623 4244 etiam
1672 4187 1903 4256 dtssundi.
1941 4184 2090 4249 Quid
2121 4184 2190 4238 sit

1896 4278 1921 4324 4

1803 4317 1893 4388 ¹9
