3150 5150
882 473 1200 544 LIBER
1263 474 1558 542 XVIII.
2133 505 2279 571 209

123 632 398 704 genus»,
439 631 520 675 ex
563 631 696 701 quo
735 603 885 692 fiat,
929 603 1164 674 hordei
1184 658 1205 692 ‚
1251 602 1554 698 glabrum
1587 603 1878 699 appellat
1894 559 2276 681 Turranius.

123 715 338 786 Idem
375 711 632 807 olyram
663 724 731 782 et
769 734 1036 805 oryzam
1083 709 1382 781 eamdem
1435 734 1578 779 esse
1620 712 1965 785 existimat.
1998 717 2281 788 Ptisanae

127 818 582 892 conficiendae
610 815 878 912 vulgata
903 817 1071 886 ratio
1103 831 1220 887 est.

245 927 445 996 xvl.
480 923 694 994 Simili
717 923 922 993 modo
949 947 1033 993 ex
1069 924 1272 994 tritici
1295 922 1573 1016 semi-ne¹
1598 937 1860 1019 tragum
1886 924 1965 996 fit
1988 927 2058 996 in
2081 927 2279 998 Cam·
2320 955 2345 990 ι

131 1034 350 1128 pania
385 1031 728 1100 dumtaxat
762 1043 832 1098 et
865 1030 1177 1125 AEgypto.

247 1139 486 1208 XVII.
522 1134 835 1232 Amylum
851 1134 870 1159 ¹
914 1160 1078 1206 vero
1114 1161 1196 1206 ex
1238 1137 1420 1207 omni
1455 1136 1674 1206 tritico
1716 1160 1795 1207 ac
1834 1135 2125 1232 siligine,
2164 1139 2283 1210 sed
2322 1174 2347 1209 ι

137 1245 486 1340 optimum
499 1241 520 1269 ²
551 1269 588 1314 e
606 1243 936 1313 trimestri.
953 1242 1260 1313 Inventio
1279 1243 1421 1338 ejus
1437 1243 1613 1314 Chio
1634 1241 1863 1314 insulae
1884 1243 2193 1336 debetur-3
2218 1261 2289 1316 et

133 1350 354 1422 hodie
394 1348 916 1420 laudatissimum
951 1349 1106 1418 inde
1141 1363 1242 1420 est
1291 1374 1308 1418 τ
1351 1335 1791 1445 appellatum³
1822 1350 1908 1419 ab
1938 1374 2020 1421 eo
2037 1401 2059 1436 ,
2106 1351 2287 1447 quod

141 1459 298 1526 sine
343 1454 523 1527 mola
576 1455 696 1525 fiat
747 1482 763 1524 ε
827 1457 1208 1550 proximum

1309 1456 1661 1543 trimestri,
1705 1455 1885 1550 quod
1936 1480 1974 1525 e
2016 1459 2287 1528 minime

140 1563 535 1660 ponderoso
571 1563 814 1634 tritico.
853 1548 1217 1633 Madescit⁵
1257 1560 1438 1636 dulci
1477 1585 1649 1656 aqua
1685 1559 1915 1654 ligneis
1948 1564 2162 1650 vasis,‘
2195 1565 2289 1634 ita

229 1796 390 1850 XVI.
433 1814 454 1849 1
469 1835 484 1848 .
527 1795 614 1848 Ex
655 1795 802 1846 tritici
842 1794 1034 1846 semine.
1067 1793 1184 1846 Hoc

144 1889 258 1942 est,
273 1893 344 1928 ex
367 1885 560 1940 tamt
579 1873 690 1944 ipse
709 1872 1062 1944 explicaturus
1088 1884 1182 1926 est.

143 1956 343 2008 Galen.
372 1955 430 2007 in
474 1952 777 2007 Comment.
820 1953 848 2004 1
880 1948 948 2004 sd
984 1951 1180 2004 librum

143 2033 498 2106 Hippocratis
513 2031 582 2086 de
601 2032 747 2085 victu
761 2032 820 2084 in
837 2031 1040 2084 morbis
1056 2049 1176 2084 acu-

143 2115 216 2167 tis
231 2151 250 2176 ‚
279 2127 410 2168 tom.
435 2113 553 2178 XI,
572 2129 690 2183 pag.
725 2117 794 2174 14
816 2130 833 2166 ι
855 2113 1015 2172 Ζιῖαι,
1046 2111 1096 2174 ἒξ
1115 2105 1180 2186 ὢνἱ

145 2197 172 2246 ὅ
203 2195 505 2264 καλούμενος
523 2191 701 2262 τράγος
719 2191 928 2262 γῖνιται.
951 2192 1015 2244 In
1037 2189 1182 2243 Indi-

145 2293 210 2326 ce
251 2273 414 2344 hujus
449 2271 584 2329 loci,
631 2269 836 2324 Plinius
859 2307 876 2334 ,
920 2270 980 2322 de
1021 2281 1179 2339 trago.

147 2353 370 2420 Celsus,
389 2351 486 2406 lib.
513 2351 616 2416 lv,
635 2367 753 2422 cup.
781 2356 836 2414 4,
855 2348 925 2402 ‹le
949 2348 1180 2402 difficul-

153 2445 260 2486 tate
299 2429 569 2504 spirandi,
611 2429 750 2484 inter
791 2415 940 2484 cibbs
960 2448 1072 2483 non
1095 2429 1181 2482 ni·

151 2511 324 2564 mium
356 2529 539 2578 aeres,
567 2527 690 2562 cum
715 2509 990 2568 lenticula,
1013 2507 1181 2583 ptiss-

149 2610 330 2663 naque
358 2604 574 2663 tngum
603 2602 854 2645 recenset.
883 2591 1069 2644 stn.
1101 2620 1180 2633 ι-

159 2673 399 2741 Trogum.
432 2672 634 2743 Tragos
670 2688 816 2723 nunc
857 2670 1033 2743 fruges
1070 2682 1182 2734 est,

152 2750 302 2805 alica
351 2752 546 2805 similis
601 2749 899 2805 Dioscoridi
945 2766 961 2803 ε
1020 2749 1179 2819 vulgo

151 2830 234 2883 ble'
255 2844 452 2905 tur-quet
469 2850 489 2883 .·
511 2846 658 2883 nunc
678 2830 840 2901 olyra
859 2830 1060 2901 ptisana
1079 2827 1182 2882 Gu-

151 2911 302 2976 leno,
329 2912 430 2965 lib.
456 2908 527 2963 de
555 2909 872 2975 Alimentis,
905 2926 1050 2963 nunc
1078 2925 1182 2961 zen

151 2990 360 3061 ptisana
376 3026 393 3055 ,
422 2989 477 3043 id
501 3000 580 3042 est
593 3026 610 3053 ‚
641 2990 772 3043 alicu
791 2990 998 3045 Guleuo
1023 2988 1183 3041 Com·

149 3082 324 3125 ment.
343 3071 608 3124 librorum
627 3066 696 3123 de
713 3068 920 3123 ratione
945 3067 1182 3123 victusin

151 3151 361 3203 scutis:
397 3176 420 3197 ι
443 3149 706 3203 ptisanam
725 3186 744 3215 ‚
787 3148 998 3220 inquit,
1038 3158 1183 3201 recte

151 3230 461 3299 praferunt
471 3227 842 3283 frumentaceis
865 3226 1076 3293 eduliis,
1095 3244 1186 3299 pa·

149 3310 237 3373 ni,
267 3308 520 3363 chondro
545 3320 598 3361 et
618 3326 751 3367 zen.
778 3326 844 3363 ex
869 3326 973 3379 qua
995 3306 1058 3361 fit
1077 3318 1184 3361 tra—

145 3408 258 3459 gos.
271 3416 296 3437 ι
319 3388 428 3443 mc
449 3402 624 3459 tragos
641 3388 846 3461 ptisana
865 3398 944 3440 est
960 3385 1182 3441 triticea.

148 3470 438 3523 Cassianus
459 3468 520 3521 in
541 3468 785 3539 Geopon.
810 3467 906 3520 lib.
926 3468 1010 3519 111
1027 3498 1046 3529 ,
1065 3484 1180 3537 cap.

155 3566 176 3599 1
191 3550 246 3615 3,
273 3561 494 3620 tragum
507 3547 724 3601 conficit
737 3564 800 3599 ex
824 3544 1184 3600 Alexandrino

143 3628 428 3681 frumento
453 3640 506 3681 et
524 3627 692 3699 olyra.
729 3628 868 3679 Du..

225 3708 423 3761 xvn.
443 3726 490 3761 s.
506 3708 736 3778 Amylum
758 3726 891 3759 mro.
917 3705 988 3757 Et
1011 3724 1074 3759 ex
1095 3722 1186 3759 zen

143 3787 332 3859 parari
361 3786 603 3857 amylum
628 3785 812 3841 scribit
835 3783 1186 3849 Dioscorides,

137 3869 238 3921 lib.
271 3868 332 3919 II
352 3905 371 3933 ,
387 3884 507 3938 esp.
531 3888 550 3919 ι
565 3864 654 3919 23.
670 3865 861 3930 Gallis,
883 3865 1092 3919 amidon.
1111 3864 1182 3917 Η.

227 3970 286 4001 2.
317 3945 428 3999 Sed
451 3950 707 4017 optimum,
726 3959 826 4001 etc.
868 3944 972 3999 Alii
995 3956 1186 4015 putant

141 4027 200 4080 id
225 4026 302 4080 ad
329 4025 596 4097 siliginem
619 4022 957 4080 referendum
974 4063 989 4087 ‚
1011 4024 1102 4077 alii
1117 4021 1188 4077 ad

143 4108 424 4161 triticum.
465 4108 606 4161 Du..
631 4139 702 4147 --
729 4106 779 4158 E
808 4107 1045 4157 trimestri.
1071 4102 1188 4157 Hoc

313 4207 438 4271 VI.

1269 1805 1347 1846 est
1372 1830 1389 1858 ‚
1425 1809 1496 1846 ex
1536 1793 1787 1846 trimestri
1830 1792 2036 1861 tritico,
2072 1792 2143 1850 de
2182 1815 2293 1868 quo

1267 1889 1386 1944 cap.
1420 1889 1508 1926 η.
1533 1871 1624 1926 Sic
1654 1872 1989 1927 Dioscorides
2009 1875 2118 1929 loc.
2147 1876 2292 1931 citat.

1267 1937 1472 2021 Ἀριστον
1517 1947 1581 2004 δὲ
1624 1951 1699 2014 tet
1742 1954 1800 2005 τὸ
1846 1955 2196 2025 σκιυαζόμινον
2238 1957 2295 2010 ἐκ

1267 2037 1417 2102 πυροῦ
1445 2035 1699 2088 ovi-ravim.
1726 2031 1911 2086 Eun.

1351 2109 1406 2164 3.
1435 2110 1753 2182 Appellamus
1778 2110 1844 2162 ab
1871 2131 1947 2164 eo.
1988 2112 2290 2168 Dioscorid.

1266 2190 1369 2244 loc.
1403 2189 1547 2244 citat.
1578 2177 1772 2261 Ᾰμυλον
1802 2193 2089 2262 ὠνόμασται
2119 2188 2209 2247 διὰ
2236 2197 2295 2248 τὸ

1265 2268 1412 2340 χωρὶς
1439 2271 1591 2339 μύλου
1617 2271 2091 2332 κατασκωάζισοαι.
2122 2273 2194 2327 Η.

1349 2355 1403 2412 4.
1413 2348 1695 2402 Proximum
1709 2353 1951 2404 trimestri.
1962 2351 2051 2405 Sic
2068 2352 2295 2408 totidem

1266 2429 1424 2501 plane
1449 2429 1639 2482 litteris
1662 2429 2007 2502 apicibusque
2016 2433 2147 2503 Reg.
2164 2431 2292 2486 cod.

1265 2506 1576 2582 ceterique,
1624 2509 1817 2581 quibus
1856 2509 1939 2562 usi
1988 2529 2171 2565 sumus
2196 2530 2210 2563 ε
2240 2523 2296 2566 et

1266 2588 1442 2643 Tolet-
1468 2607 1714 2662 quoque,
1742 2608 1853 2661 quo
1876 2590 2169 2645 Pintinnus.
2198 2593 2295 2646 Est

1267 2669 1410 2723 enim
1429 2669 1712 2735 sententia,
1726 2671 1927 2741 primas
1949 2671 2116 2725 tribui
2138 2690 2293 2744 amy-

1266 2750 1342 2814 lo,
1352 2747 1498 2820 quod
1511 2748 1573 2801 fit
1590 2767 1621 2801 e
1638 2749 1889 2803 trimestri
1902 2767 1915 2802 :
1926 2747 2133 2805 dixerut
2146 2752 2295 2806 enim

1267 2828 1513 2899 proxime
1541 2840 1696 2883 antes
1710 2868 1729 2893 ,
1772 2854 1797 2877 e
1814 2830 2049 2902 amylum
2076 2848 2207 2885 vero
2226 2848 2293 2885 ex

1269 2907 1418 2962 omni
1445 2907 1620 2961 tritico
1662 2926 1725 2961 ac
1756 2908 1963 2980 siligine
1980 2949 1997 2973 ,
2027 2908 2122 2963 sed
2151 2909 2293 2983 opti·

1269 3006 1418 3041 mum
1452 3006 1481 3041 e
1509 2988 1784 3042 trimestri.
1802 3014 1827 3037 ι
1864 2987 2133 3043 Secundss
2166 3008 2294 3043 vcro

1267 3086 1299 3121 ι
1332 3066 1585 3121 trimestri
1608 3066 1775 3121 tribui
1794 3068 2001 3139 amylo,
2025 3066 2174 3140 quod
2198 3068 2293 3121 fist

1269 3166 1300 3201 e
1319 3146 1499 3201 tritico
1519 3145 1740 3199 minime
1758 3144 2084 3217 ponderoso.
2102 3146 2292 3201 Hacte-

1267 3245 1369 3279 nus
1391 3225 1515 3279 libri
1531 3224 1663 3279 editi
1682 3224 1756 3278 sic
1780 3226 2050 3283 habuere:
2069 3248 2091 3270 ⁸
2104 3226 2295 3281 Proxi-

1269 3322 1419 3359 mum
1449 3323 1480 3358 e
1518 3304 1773 3359 trimestri
1800 3303 2037 3378 quodam
2066 3305 2293 3361 minime
2326 3349 2331 3353 .

1269 3383 1573 3457 ponderoso
1621 3383 1819 3438 tritico.
1860 3410 1885 3433 ο
1936 3385 2103 3457 Atqui
2153 3385 2293 3441 huuc

1269 3464 1593 3537 precipuum
1642 3480 1755 3517 esse
1802 3463 1965 3519 tritici
2012 3465 2295 3521 trimestris

1268 3543 1450 3598 dotem
1475 3560 1540 3597 sc
1563 3541 1780 3597 laudem
1793 3584 1810 3606 ,
1850 3544 2013 3616 paulo
2034 3556 2157 3599 ante
2180 3546 2292 3599 Pli-

1269 3624 1391 3679 nius
1424 3624 1716 3677 insinuarst
1732 3662 1749 3686 ‚
1775 3641 1892 3696 cap.
1943 3642 1967 3677 1
1982 3642 2009 3677 s
2030 3662 2047 3689 ,
2070 3636 2131 3677 ut
2156 3626 2295 3680 nulli

1271 3704 1540 3758 frumento
1588 3704 1709 3775 plus
1748 3714 1881 3757 esset
1908 3704 2195 3776 ponderis:
2228 3724 2290 3761 ex

1269 3784 1711 3854 interpolatorum
1739 3782 1905 3855 igitur
1930 3783 2143 3839 officina
2167 3804 2293 3858 pro·

1272 3862 1352 3917 dit
1371 3863 1633 3917 trimestre
1650 3862 1786 3917 illud
1805 3863 2163 3935 ponderosum
2180 3882 2291 3917 non

1271 3963 1336 3997 ex
1363 3943 1564 3997 Musae
1592 3942 1855 3997 Plinisno.
1881 3944 2060 3997 Hsnn.

1358 4022 1412 4078 5.
1457 4022 1717 4076 madescit.
1762 4020 2137 4087 Dioscorides,
2173 4022 2293 4075 loco

1275 4103 1452 4157 citato.
1479 4103 1659 4156 Hsnn.

1966 4200 2045 4281 ¹4
