3150 5150
736 515 1050 583 LIBER
1105 515 1402 583 XVIII.

49 654 322 723 uberiora
355 673 511 718 esse.
535 633 1017 717 Democritus¹³
1057 672 1258 716 succo
1294 645 1551 734 herbae,
1594 670 1740 740 quae
1780 647 2151 744 appellatur
2188 664 2220 718 3

49 765 289 841 nizoon',
321 758 385 824 in
415 753 651 848 tegulis
670 777 949 822 nascens
970 752 1317 836 tabulisve,
1344 753 1545 822 latine·
1567 777 1728 823 vero
1751 754 2017 844 sedum,
2040 775 2157 827 aut

49 810 403 999 digitelliim,
422 860 748 929 medicata
777 885 902 928 seii
889 860 1112 950 jubet
1128 861 1353 928 omnia
1373 861 1642 930 semina.
1654 859 1895 955 Vulgo
1901 886 2084 946 vero,
2100 890 2193 933 si

49 956 345 1040 dulcedo¹⁴
358 982 619 1055 noceat,
637 981 976 1045 etvermes
999 965 1330 1035 radicibus
1358 965 1755 1053 inhaereant,
1786 968 2171 1039 remedium

49 1075 183 1147 est⁸³
188 1098 485 1163 ,amurca
524 1097 723 1203 pura,
759 1097 837 1141 ac
876 1075 1016 1141 sine
1047 1071 1180 1142 sale
1217 1096 1567 1167 spargere,
1595 1020 1836 1142 deiride
1866 1077 2149 1146 sarrire.

52 1188 95 1253 si
128 1185 186 1250 in
209 1165 615 1250 articulum¹⁶
629 1180 927 1274 segesire
950 1180 1261 1274 coeperit,
1293 1203 1608 1262 runcare,
1641 1204 1725 1248 ne
1756 1180 1980 1250 herbae
2004 1183 2147 1251 vin-

53 1304 199 1358 cant.
228 1266 476 1355 Pestem
513 1311 554 1354 a
591 1285 772 1355 milio
802 1299 1007 1379 atque
1027 1287 1266 1380 panico
1306 1299 1692 1354 sturnorum
1723 1312 2174 1381 passerumve

53 1396 300 1488 agmina,
329 1395 462 1461 scio
494 1393 670 1485 abigi
705 1391 936 1480 herba,
955 1394 1142 1486 cujus
1170 1416 1417 1461 nomen
1445 1392 1749 1487 ignotum
1778 1408 1899 1477 est,
1912 1395 1980 1461 in
1997 1419 2150 1489 qua·

57 1517 182 1569 tuor
198 1497 435 1592 angulis
457 1499 698 1593 segetis
717 1498 1008 1568 defossa:
1041 1498 1281 1567 mirum
1307 1497 1486 1567 dictu
1504 1553 1522 1582 ,
1563 1513 1639 1567 ut
1672 1501 1945 1568 omnino
1967 1499 2169 1569 nulla.

56 1609 168 1674 avis
196 1611 396 1674 intret.
443 1608 675 1674 Mures
713 1605 1070 1700 abiguntur
1106 1606 1326 1674 cinere
1350 1604 1825 1694 mustelae,·vel
1868 1605 2010 1675 felis
2047 1606 2142 1676 di·
2185 1631 2218 1688 4

58 1714 190 1795 luto,
203 1727 261 1781 et
286 1713 530 1780 semine
559 1736 807 1805 sparso,
835 1710 943 1781 vel
979 1711 1406 1781 decoctarum
1424 1711 1471 1750 ¹⁷
1503 1736 1696 1805 aqua.
1732 1712 1862 1782 Sed
1891 1711 2146 1783 redolet

60 1823 205 1887 virus
236 1816 611 1887 animalium
649 1842 879 1886 eorum
928 1820 1126 1886 etiam
1169 1819 1237 1886 in
1270 1842 1462 1913 pane.
1510 1818 1623 1885 Ob
1658 1817 1724 1886 id
1760 1808 1973 1888 felle¹⁸
2015 1819 2168 1888 bu-.

59 1925 184 1991 bulo
233 1926 465 1994 semina
534 1926 764 2020 attingi
828 1923 1053 1993 utilius
1080 1944 1090 1952 ·
1110 1938 1367 2018 putant.
1437 1923 1706 2017 Rubigo
1724 1923 1772 1962 ¹⁹
1833 1925 2099 2019 quidem
2127 1979 2145 2010 ,

61 2033 299 2099 maxima
330 2044 627 2125 segetum
652 2032 888 2124 pestiS,
919 2028 1083 2110 lauri
1113 2030 1309 2099 ramis
1327 2031 1396 2097 in
1431 2053 1593 2098 arvo
1624 2027 1882 2119 defixis,
1913 2032 2161 2108 transit,

59 2141 205 2205 inea
238 2136 379 2205 folia
415 2162 497 2205 ex
538 2139 733 2205 arvis.
793 2137 1086 2205 Luxuria
1136 2151 1432 2230 segetum
1450 2133 1500 2159 ²⁰
1531 2137 1895 2230 castigatur
1943 2137 2164 2207 dente-

1998 517 2093 591 2=5
2105 545 2144 616 7
2159 574 2160 579 η

128 2325 200 2375 ι3.
225 2325 526 2376 Democritus.
541 2321 734 2375 Tradit
766 2322 870 2375 hoc
909 2341 1028 2374 rur·

61 2422 150 2454 sum
164 2422 285 2474 ,cap.
309 2422 330 2455 ι
343 2420 392 2471 9.
413 2405 492 2455 De
511 2403 666 2456 aizoo
682 2401 918 2455 dicemus
931 2403 1024 2455 lib.

61 2484 213 2544 XXV,
243 2502 352 2554 cap.
388 2502 515 2536 τοι.
547 2483 759 2536 Colum.
796 2483 903 2545 XI,
947 2483 977 2536 3
1009 2501 1022 2534 :

67 2590 82 2607 ι
108 2564 292 2616 Veteres
316 2561 533 2635 quidam
557 2574 823 2629 auctores,
848 2575 907 2615 ut
921 2564 1025 2615 De-

61 2643 616 2715 mocritus,praecipiunt
630 2643 827 2695 semina
847 2643 1026 2694 omnia

61 2741 182 2774 succo
204 2724 365 2775 herba
382 2763 397 2788 ‚
435 2741 561 2795 quae
585 2722 768 2775 sedum
797 2723 1026 2794 appella·

62 2814 149 2864 tur,
181 2802 447 2867 medicare,
466 2802 765 2874 eodemque
787 2800 1025 2855 remedio

60 2880 260 2934 adversus
279 2882 517 2935 bestiolas
536 2884 614 2935 uti
637 2899 650 2934 τ
678 2881 825 2952 quod
838 2900 1024 2934 verum

61 2979 145 3011 esse
167 2962 458 3032 experientia
490 2976 610 3015 nos'
630 2960 830 3013 docuit.
860 2987 885 3007 ι·
927 2963 1026 3013 Ite-

60 3059 240 3111 rumque
259 3043 343 3094 lib.
359 3044 437 3106 11,
454 3061 502 3095 c.
528 3060 562 3110 9
580 3080 596 3104 ,
614 3061 671 3113 p.
692 3040 760 3094 53
782 3059 796 3093 :
823 3067 845 3089 ι
867 3041 1024 3106 Qua:-

59 3117 153 3170 dam
220 3122 361 3173 etiam
427 3122 778 3174 subter-ranem
854 3134 1024 3191 pestes

59 3198 221 3252 adultas
244 3201 502 3255 radicibus
515 3200 771 3254 subsectis
783 3214 1019 3254 enecant.

61 3277 107 3328 Id
128 3298 183 3330 ne
195 3280 274 3332 fiat
287 3320 299 3342 ,
323 3280 562 3334 remedio
575 3294 649 3333 est
662 3299 810 3351 aquae
829 3281 1024 3333 mixtus

57 3376 203 3410 succus
218 3360 410 3425 herba,
437 3379 603 3433 quam
626 3360 810 3413 rustici
835 3359 1023 3412 sedum

58 3439 301 3507 appellant:
318 3442 555 3493 namhoc
565 3440 910 3493 medicamine
922 3458 1024 3491 una

56 3530 179 3569 nocte
200 3521 386 3573 semina
408 3533 671 3573 macerata
685 3521 1016 3591 jaciuntur.-

53 3594 176 3648 Adde
193 3613 238 3651 et
259 3599 423 3671 Geop.
449 3612 586 3652 auct·
613 3600 745 3663 XII,
778 3619 809 3670 7
831 3639 846 3664 ,
868 3612 922 3652 et
939 3600 1021 3663 11,

61 3680 127 3727 16.
149 3677 310 3731 Ilum.

122 3756 257 3819 1451·
274 3759 487 3812 dulcedo.
510 3758 621 3811 Soli
644 3756 887 3821 dulcedo,
900 3777 1017 3811 ver·

49 3851 138 3886 mes
162 3853 409 3906 generans.
439 3839 621 3892 Ham.

117 3916 461 3970 15.Remedium
475 3931 561 3972 est.
579 3919 790 3971 Colum.
815 3918 851 3970 l.
874 3935 922 3970 c.
947 3917 1017 3968 Η.

118 3995 300 4048 16.Siin
313 3999 765 4063 articulum.Quum
779 3995 1022 4069 genicula

52 4090 122 4122 seu
144 4074 297 4129 nodos
332 4078 495 4131 culmi
524 4077 827 4143 ostendunt.
867 4076 1025 4130 Colu-

51 4153 200 4219 mella,
217 4156 305 4209 lib.
328 4160 408 4222 11,
433 4176 548 4227 cap.
577 4177 596 4211 ι
614 4177 641 4209 a
659 4195 675 4220 ,
699 4156 766 4211 de
791 4156 1021 4210 sarritio-

175 4254 284 4322 VI.

1113 2340 1222 2376 ne:
1254 2321 1581 2374 «Transacto
1620 2323 1938 2394 equinoctio
1974 2343 2158 2379 verno·

1114 2401 1291 2454 statim
1335 2402 1521 2472 peragi
1573 2415 1788 2472 oportet
1843 2405 1984 2458 intra
2025 2404 2140 2460 dies

1111 2480 1335 2551 viginti,
1358 2494 1480 2533 ante
1506 2500 1665 2552 quam
1692 2501 1838 2554 seges
1860 2484 1918 2536 in
1945 2484 2142 2539 articu-

1109 2560 1222 2632 lum
1255 2574 1339 2613 eat
1381 2580 1397 2611 ι
1439 2561 1693 2632 quoniam
1734 2565 1901 2617 serius
1954 2565 2139 2620 sax-rita

1111 2640 1472 2711 corrumpitur
1503 2644 1909 2713 insequentibus
1945 2646 2139 2699 aestivis

1079 2791 1083 2795 ⁴
1111 2720 1432 2773 siccitatibus
1479 2734 1530 2774 et
1578 2723 1859 2776 caloribus.
1887 2749 1910 2769 ι
1945 2724 2015 2777 Η.

1197 2818 1218 2853 ι
1235 2820 1285 2870 7.
1319 2801 1418 2852 Vel
1444 2800 1762 2857 decoctarum.
1802 2803 2046 2857 Mustelae
2084 2818 2138 2858 et

1112 2880 1252 2932 felis.
1273 2881 1454 2933 ΗΑιιι).

1197 2979 1219 3011 1
1233 2962 1290 3015 8.
1319 2959 1400 3012 Ob
1425 2960 1626 3028 idselle.
1650 2960 1735 3013 Sic
1757 2959 1961 3014 radices
1984 2963 2136 3016 arbo-

1109 3058 1228 3091 rum
1278 3039 1400 3092 felle
1451 3040 1662 3092 taurino
1722 3041 1891 3093 oblini
1951 3054 2135 3095 auctor

1110 3119 1284 3189 Geop.
1321 3120 1473 3191 jubet
1495 3159 1512 3184 ,
1539 3120 1622 3179 X,
1652 3136 1772 3190 cap.
1807 3121 1914 3173 ult.·
1936 3134 1996 3174 ut
2033 3140 2131 3177 uec

1110 3212 1342 3251 senescat
1356 3199 1462 3251 cito
1480 3217 1606 3263 ,nec
1629 3217 1833 3251 vermes
1855 3198 2129 3271 producat.

1109 3279 1392 3348 Apuleius,
1443 3276 1643 3330 ibidem
1683 3278 1850 3344 xm,
1893 3280 1960 3346 5,
2008 3280 2129 3333 felle

1110 3358 1314 3410 bubulo
1361 3358 1560 3411 semina
1601 3357 1796 3422 illinit,
1833 3378 1903 3412 ne
1951 3378 2131 3412 mures

1111 3438 1381 3508 attingant.
1404 3439 1590 3487 Hum-

1199 3536 1282 3584 1·9
1329 3515 1536 3584 Rubigo.
1583 3515 1887 3587 Apuleius'
1871 3536 1927 3569 in
1955 3518 2127 3590 Geop.

1109 3597 1205 3649 lib.
1238 3598 1320 3657 V,
1364 3614 1478 3667 cap.
1525 3596 1629 3652 31,
1670 3614 1790 3667 pag.
1850 3596 1998 3650 150.
2029 3590 2131 3654 Eam

1109 3672 1298 3746 δάφνης
1329 3677 1374 3727 ἰν
1412 3681 1476 3745 τῇ
1515 3675 1691 3745 ἀρούρᾳ
1719 3672 1929 3737 κλάδους
1950 3679 2133 3750 βσλῃς,

1109 3755 1424 3827 μιταῧαίνειν
1475 3756 1542 3815 εἰς
1591 3757 1767 3817 αὐτοὺς
1810 3757 1895 3814 τὴν
1941 3756 2152 3824 βλάὸην»

1108 3840 1196 3897 τῆς
1220 3832 1460 3910 ρρυσὶὅης.
1508 3860 1530 3881 ι
1571 3835 1626 3888 Si
1663 3835 1800 3889 lauri
1846 3855 2021 3890 ramos
2076 3840 2129 3891 in

1110 3934 1297 3968 arvum
1323 3915 1638 3987 projeceris,
1681 3916 1865 3969 transit
1898 3916 1953 3967 in
1990 3917 2133 3987 ipsos

1111 3996 1373 4066 rubiginis
1391 4013 1548 4047 noxa.
1586 4020 1608 4040 ι
1634 3992 1816 4046 Ham).

1192 4065 1290 4128 ao-
1315 4076 1531 4126 Luxuria
1549 4085 1774 4144 segetum.
1799 4075 1936 4126 Sunt
1952 4088 2008 4125 et
2020 4074 2134 4127 haec

1116 4153 1258 4225 apud
1286 4154 1564 4223 Theophr.
1590 4152 1721 4205 Hist.
1758 4153 1850 4204 lib.
1887 4154 2053 4221 VIII,
2072 4174 2103 4224 7
2121 4194 2137 4219 ,

1767 4273 1781 4316 ¹
1803 4274 1842 4344 7
