3150 5150
638 523 735 596 30
1161 524 1238 591 C.
1296 521 1640 590 PLINII
1699 523 1916 591 NAT.
1975 523 2237 591 HIST.

634 669 881 726 musto.
908 654 1149 726 Caeteri
1177 653 1519 724 auctores·⁹
1544 677 1870 724 consensu
1897 651 2277 723 humanas->¹⁰
2291 651 2496 748 dapes
2527 653 2610 723 ad
2635 655 2774 726 hoc

638 764 937 882 inprimis
960 760 1307 830 advocant.
1336 758 1465 828 Alii
1490 786 1569 829 ex
1597 759 1756 844 his-¹¹
1777 760 2137 856 praeferunt
2163 761 2504 830 hominum
2537 777 2772 855 Ροωε,

638 871 707 938 in
733 869 1166 939 coriariorum
1186 865 1474 936 officinis
1491 865 1626 961 pilo
1649 865 2042 938 madefacto.
2068 865 2195 936 Alii
2209 891 2328 961 per
2347 865 2523 936 sese‘
2531 865 2577 954 ²,
2592 891 2774 962 aqua

638 977 921 1062 iterum,
956 973 1331 1068 largiusque
1364 973 1603 1057 etiam,
1643 997 1840 1067 quam
1876 997 2082 1067 quum
2117 972 2404 1060 bibitur,
2447 971 2768 1042 admixta.

638 1081 907 1176 Quippe
936 1080 1133 1200 plus
1108 1103 1245 1172 Jam
1270 1079 1365 1148 ibi
1388 1065 1604 1148 mali¹³
1631 1078 2036 1149 domandum
2065 1094 2202 1164 cst,
2229 1103 2434 1173 quum
2465 1079 2552 1148 ad
2581 1081 2770 1149 virus

638 1185 801 1256 illud
840 1187 973 1255 vini
1007 1185 1211 1256 homo
1253 1187 1620 1255 accesserit.
1667 1188 1826 1254 Haec
1859 1199 2012 1255 sunt
2067 1187 2468 1272 certamina,
2517 1186 2765 1280 quibus

638 1294 921 1364 invicem
974 1292 1060 1361 ad
1110 1290 1411 1360 tellurem
1448 1315 1714 1386 quoque
1759 1289 2060 1360 alendam
2109 1305 2390 1360 utuntur
2429 1290 2762 1362 homines,

638 1397 981 1468 Proxime¹
962 1385 1011 1430 ¹⁴
1070 1398 1418 1493 spurcitias
1477 1423 1670 1469 suum
1727 1396 2018 1466 laudant.
2079 1383 2515 1470 Columella²¹⁵
2581 1396 2768 1468 solus

636 1503 926 1575 damnat.
956 1502 1085 1573 Alii
1122 1504 1596 1598 cujuscumque
1640 1503 2084 1599 quadrupedis
2117 1527 2205 1573 ex
2239 1505 2505 1598 cytiso:
2556 1503 2768 1600 aliqui

564 1641 597 1694 3
633 1595 1095 1682 columbaria¹⁶
1118 1609 1494 1704 praeferunt.
1517 1612 1900 1679 Proximum
1925 1608 2224 1680 deinde¹⁷
2259 1633 2609 1704 caprarum
2633 1625 2762 1692 est,

634 1718 719 1787 ab
758 1718 890 1787 hoc
934 1719 1195 1804 ovium,
1248 1714 1484 1785 deinde
1522 1716 1764 1803 boum,
1807 1716 2238 1786 novissimum
2279 1717 2762 1810 jumentorum.

633 1827 755 1893 Hae
784 1822 970 1892 fuere
992 1821 1169 1917 apud
1198 1823 1447 1916 priscos
1474 1821 1862 1892 differentiae
1885 1875 1906 1910 ‚
1927 1820 2253 1916 simulque
2275 1837 2604 1917 praecepta
2639 1813 2766 1917 (ut

716 2019 769 2070 9.
788 2000 967 2054 Coeten'
980 2010 1211 2050 «uetans.
1226 1997 1499 2068 Theophr.
1514 1997 1650 2051 Hist.

638 2083 775 2147 VII,
806 2086 854 2133 5.
883 2080 1058 2130 Varro
1076 2091 1131 2130 et
1152 2076 1364 2131 Colum.
1388 2076 1446 2129 ll.
1477 2095 1555 2130 oc.
1581 2077 1648 2131 H.

722 2179 809 2214 ιο.
836 2160 1091 2212 Humanas
1106 2158 1271 2228 dapes.
1291 2155 1379 2210 Sic
1400 2155 1503 2208 alvi
1526 2175 1653 2228 pro·

640 2241 835 2294 luviem
876 2251 930 2291 et
958 2238 1150 2291 lotium
1190 2235 1646 2306 circumloqnitur.

642 2319 839 2374 Eadem
853 2317 1124 2370 locutione
1140 2333 1264 2368 usus
1274 2326 1373 2380 est,
1384 2315 1478 2386 qui
1499 2312 1652 2380 dixit,

647 2426 671 2449 ι
706 2397 976 2468 Reliquias
988 2396 1119 2460 cibi,
1132 2408 1185 2448 et
1198 2395 1475 2447 humorem
1488 2413 1648 2466 quem

639 2476 1018 2550 profundimus
1039 2512 1057 2536 ,
1111 2500 1134 2521 n·
1189 2473 1461 2546 Theophr.
1512 2473 1648 2529 Hist.

636 2557 733 2613 lib.
762 2559 841 2619 11.
872 2575 986 2627 cap.
1014 2573 1066 2624 9.
1089 2555 1291 2607 Dante.

726 2658 747 2693 1
764 2656 787 2691 1
801 2678 815 2691 .
840 2636 953 2689 Aeta·
970 2657 1031 2687 es
1050 2634 1139 2686 his.
1163 2632 1274 2685 Alii
1289 2670 1306 2697 ‚
1326 2633 1530 2703 inquit,
1550 2634 1650 2687 hu·

634 2734 851 2771 manum
886 2714 1082 2768 lotium
1124 2724 1486 2783 anteponunt,
1522 2731 1646 2766 cum

634 2798 749 2867 pilo
786 2795 880 2867 qui
931 2794 989 2846 in
1026 2792 1373 2845 coriariorum
1418 2792 1648 2845 officinis

635 2877 797 2930 fuerit
820 2892 885 2927 eo
903 2873 1033 2925 lotio
1054 2869 1389 2925 madefactus.
1411 2872 1536 2924 Haec
1555 2891 1648 2925 co-

634 2956 916 3011 riariorum
980 2951 1287 3005 retrimenta
1362 2950 1648 3023 sordesque

636 3055 759 3091 cum
794 3034 925 3087 lotio
958 3030 1157 3103 pariter
1188 3029 1522 3083 commendat
1562 3032 1647 3084 in-

635 3115 822 3189 primis
842 3124 1026 3166 auctor
1050 3110 1312 3181 Geop.11,
1342 3128 1510 3182 ao,p.
1538 3112 1644 3178 59:

635 3195 735 3249 Καὶ
778 3196 803 3249 ⁸
846 3191 1041 3264 μίγιςόν
1087 3193 1194 3255 ίςι,
1229 3190 1313 3244 καὶ
1354 3188 1464 3241 καθ’
1500 3192 1646 3244 iani-b

635 3277 792 3347 μιῖον
824 3276 1030 3327 ὦοιλοῦν
1058 3271 1231 3323 πάντα.
1260 3268 1327 3323 τὰ
1362 3288 1453 3339 pur
1458 3270 1535 3322 ά..
1550 3272 1646 3323 ,τὸ

634 3352 767 3425 οὖρον
807 3353 862 3407 τὸ
910 3352 1264 3421 ἀνθρώπιιον...
1289 3348 1415 3401 ἀλλὰ
1443 3348 1527 3402 καὶ
1512 3350 1646 3405 irim

633 3442 730 3489 τῶν
770 3426 1081 3500 catoroth-hiim
1132 3429 1453 3500 ἀκαθαρσίαν.
1498 3428 1648 3493 Quin

633 3526 689 3568 et
718 3510 1115 3582 Theophrastus
1148 3507 1298 3561 addit
1316 3549 1331 3571 ,
1370 3506 1437 3559 de
1466 3507 1646 3561 Causs.

631 3594 721 3659 11,
754 3611 813 3664 p.
846 3594 986 3660 287,
1016 3606 1081 3641 eo
1120 3602 1347 3641 stercore
1388 3588 1648 3641 nonnulla

634 3692 697 3727 ex
718 3670 1033 3726 silvestrium
1052 3684 1277 3720 numero
1300 3667 1356 3719 in
1380 3668 1646 3720 urbanum

632 3752 873 3807 habitum
892 3746 1169 3801 transiisse.
1192 3747 1377 3799 Han.

720 3849 805 3885 ια.
833 3828 944 3882 Alia·
962 3846 1053 3897 per
1069 3846 1181 3877 sese.
1215 3826 1317 3878 Alii
1341 3825 1528 3879 lotium
1552 3842 1650 3878 seu

632 3912 841 3967 urinam
860 3905 1113 3961 adhibent
1128 3905 1295 3958 solam
1310 3946 1326 3969 ,
1346 3924 1407 3957 ac
1424 3905 1537 3958 sine
1556 3922 1647 3957 co·-

632 3992 911 4047 riariorum
976 3984 1299 4039 retrimentis
1358 3982 1608 4038 admixtis
1625 4024 1642 4047 ,

630 4084 839 4126 tautum
869 4084 1005 4139 aqua
1024 4104 1041 4129 ,
1080 4080 1151 4117 ne
1182 4082 1371 4134 agrum
1408 4077 1647 4135 perurat.

629 4150 840 4207 Colum.
865 4148 952 4212 11,
980 4146 1047 4199 15
1072 4162 1087 4197 z
1118 4171 1141 4193 ι
1165 4144 1359 4215 Aptior
1374 4157 1644 4198 esttamen

1738 1997 1960 2051 surculis
1991 1997 2228 2052 hominis
2271 1997 2452 2062 urina,
2479 2015 2638 2069 quam
2665 2015 2764 2052 sex

1737 2077 2007 2130 mensibus
2025 2095 2204 2148 passus
2217 2077 2382 2130 fueris
2398 2091 2724 2131 veterascere
2743 2098 2762 2131 τ

1737 2157 1783 2210 si
1819 2153 2017 2210 vitibu’s
2039 2168 2130 2209 aut
2160 2174 2446 2227 pomorum
2475 2157 2763 2211 arboribus

1738 2233 2022 2301 adhibeas,
2053 2235 2205 2288 nullo
2233 2235 2336 2288 alio
2363 2236 2525 2308 magis
2550 2236 2770 2291 fructus

1737 2316 1990 2368 exuberat
2013 2334 2030 2372 ε
2053 2332 2152 2368 nec
2181 2315 2351 2367 solum
2381 2333 2442 2369 ea
2471 2333 2554 2368 res
2585 2320 2763 2387 majo·

1735 2411 1852 2448 rem
1895 2395 2019 2448 facit
2061 2407 2378 2465 proventum
2395 2435 2412 2460 ,
2469 2393 2562 2448 sed
2599 2397 2765 2450 etiam

1735 2493 1978 2546 saporem
1999 2487 2054 2527 et
2071 2473 2294 2529 odorem
2317 2475 2428 2528 vini
2450 2493 2768 2546 pomorum·

1736 2572 1841 2627 que
1865 2551 2042 2607 reddit
2063 2553 2358 2609 meliorem.
2391 2580 2414 2602 ι
2439 2556 2619 2608 Rutu.

1823 2636 1910 2689 13.
1946 2635 2013 2703 Q.
2040 2635 2151 2705 plus
2179 2636 2288 2706 jam
2326 2634 2396 2686 iba·
2431 2636 2563 2688 mali.
2601 2634 2768 2701 Plus,

1735 2714 1940 2786 inquit,
1979 2713 2097 2765 vitii
2143 2712 2518 2783 corrigendum
2565 2732 2762 2768 emen-

1738 2791 2082 2863 dandumque
2119 2804 2236 2845 est:
2267 2812 2434 2863 quum
2473 2791 2541 2847 ad
2577 2795 2766 2862 virus,

1736 2871 1883 2943 quod
1923 2872 2111 2924 vinum
2160 2871 2322 2925 habet
2361 2874 2418 2925 in
2459 2892 2546 2938 se,
2595 2873 2762 2927 etiam

1735 2950 1869 3004 illud
1901 2950 2210 3012 accesserit,
2252 2951 2397 3022 quod
2422 2970 2487 3005 ex
2514 2952 2760 3007 humano

1735 3031 1895 3085 traxit
1945 3048 2205 3103 corpore,
2253 3050 2352 3102 per
2402 3030 2550 3103 quod
2595 3046 2764 3103 potus

1735 3123 2033 3164 transmeat.
2096 3111 2160 3163 In
2221 3110 2540 3179 quibusdam
2605 3112 2766 3166 libris

1737 3192 1862 3242 male
1879 3233 1895 3255 ,
1921 3190 2164 3261 pessime.
2189 3188 2369 3243 Hann-

1821 3277 1909 3334 14.
1974 3269 2202 3322 Proxime

1737 3348 1857 3420 pbr.
1888 3351 1926 3401 1.
1959 3368 2008 3403 c.
2035 3350 2223 3401 Hum.

1824 3430 1914 3483 15.
1960 3429 2225 3482 Columella
2250 3430 2397 3482 solus.
2427 3432 2472 3483 E
2513 3430 2714 3483 Latinis
2743 3450 2758 3486 τ

1735 3526 1858 3561 nam
1878 3528 1908 3562 e
1927 3509 2128 3562 Grecis
2157 3522 2340 3562 auctor
2365 3510 2536 3580 Geop.
2559 3511 2585 3561 1
2600 3548 2618 3574 ,
2643 3528 2715 3579 29
2740 3530 2760 3577 ;

1738 3588 2088 3641 Columellam
2117 3601 2322 3641 secutus
2351 3601 2426 3642 est
2454 3588 2722 3644 Palladius
2740 3630 2758 3657 ,

1734 3667 1831 3720 lib.
1862 3658 2124 3721 xxxin.
2147 3668 2332 3721 Ham).

1821 3752 1910 3802 16.
1931 3747 2022 3800 At.
2047 3746 2353 3802 columbaria.
2393 3747 2601 3803 Colum.
2638 3749 2677 3801 1.
2707 3770 2762 3806 c.

1736 3825 1908 3899 Geop.
1937 3838 2142 3891 auctor,
2165 3845 2224 3897 p.
2258 3830 2349 3897 57.
2379 3830 2564 3882 Hann.

1822 3925 1845 3960 ι
1859 3926 1914 3977 7.
1964 3906 2244 3959 Proximam
2290 3907 2459 3961 deindo
2505 3924 2763 3979 caprarum

1735 3998 1823 4039 est.
1851 3986 1986 4039 Cato
2003 4024 2020 4052 ,
2048 4006 2162 4059 cap.
2180 4005 2370 4053 xxxv13
2399 3990 2602 4055 Varro,
2647 3989 2760 4042 loc.

1737 4066 1826 4118 cit.
1877 4067 2079 4121 Auctor
2125 4065 2300 4138 Geop.
2341 4069 2446 4121 loc.
2490 4066 2580 4120 cit.
2633 4086 2763 4141 pag.

1743 4145 1813 4198 58
1828 4184 1842 4198 .
1859 4147 2037 4200 nnn.

2255 3274 2524 3341 spurcitias.
2577 3272 2764 3325 Theo-
