3150 5150
919 523 1236 592 LIBER
1288 525 1507 594 x1x.
2129 521 2278 604 433

138 654 447 728 brassicae
488 655 693 724 miras
736 655 918 723 canit
956 652 1181 726 laudes
1197 708 1217 742 ,
1266 679 1433 750 quas
1482 656 1553 728 in
1593 653 1902 724 medendi
1945 653 2098 724 loco
2141 655 2284 726 red-

140 759 398 832 demus.
450 763 717 832 Genera
776 759 919 854 ejus
978 760 1167 832 facit'
1230 763 1411 832 tria:
1472 770 1672 831 una'm
1725 762 2010 830 extentis
2063 761 2239 830 foliis
2258 815 2278 848 ,

140 867 332 938 caule
358 891 646 962 magno,
686 865 997 952 alteram,
1040 871 1259 962 crispo
1298 867 1501 952 folio,
1536 892 1736 963 quam
1775 852 2124 986 ιιρὶειιιειιιι3
2161 891 2278 936 vo-

140 989 299 1044 cat:
344 975 604 1044 tertiam
640 975 911 1044 minutis
938 973 1269 1062 caulibus„
1312 973 1568 1059 lenem,
1606 989 1936 1092 teneram,
1977 974 2280 1044 minime-

142 1104 279 1174 que
306 1080 567 1175 probat.
615 1080 912 1151 Brassica
960 1095 1104 1150 toto
1146 1105 1322 1150 anno
1358 1081 1624 1163 seritur,
1667 1080 1988 1200 quoniam
2025 1094 2096 1149 et
2137 1095 2280 1150 toto

142 1199 427 1256 secatur.
464 1185 827 1258 Utilissime
863 1201 1087 1258 tamen
1125 1187 1210 1258 ab
1254 1188 1648 1281 aequinoctio
1690 1188 2028 1275 autumni3
2075 1201 2284 1256 trans·

144 1291 517 1388 ferturque,
552 1317 759 1387 quum
800 1295 1089 1387 quinque
1102 1281 1471 1365 “foliorum
1510 1307 1630 1362 est.
1670 1279 1952 1387 Cymas⁵
1991 1315 2030 1361 a
2067 1295 2284 1388 prima

144 1401 439 1469 sectione
482 1413 752 1493 praestat
787 1401 1093 1495 proximo
1131 1425 1305 1470 vere.
1354 1402 1481 1470 Hic
1520 1413 1622 1470 est
1669 1397 1949 1529 quidam
1983 1401 2282 1494 ipsorum

142 1504 435 1574 caulium
463 1504 803 1575 delicatior
830 1508 1255 1602 teneriorque
1276 1504 1642 1576 cauliculus
1657 1491 1949 1600 ‚Apicii⁶
1977 1503 2284 1594 luxuriae,

234 1715 290 1747 a.
321 1695 511 1748 Genera
537 1697 639 1764 ejus
653 1696 801 1762 facie.
834 1695 969 1766 Cap.
1009 1713 1167 1747 crvx·
1151 1733 1169 1750 .

152 1802 173 1823 ι
200 1775 365 1827 Nunc
394 1776 471 1827 uti
504 1793 791 1847 cognoscas
812 1773 1173 1827 naturam'eo·

1256 1679 1433 1768 primo
1462 1713 1676 1767 quoque
1701 1695 1954 1748 foliorum
1983 1695 2247 1767 pullulata
2268 1735 2286 1760 ,

1259 1775 1527 1846 praeclusis
1562 1774 1738 1827 adhuc
1767 1774 1963 1836 florum
2003 1773 2286 1842 calicibus,

144 1873 269 1907 run
301 1854 511 1926 :prima
538 1867 617 1908 est
642 1854 816 1920 lavia,
852 1871 971 1925 qun
998 1855 1175 1907 nomi·

142 1947 307 1987 natur
328 1935 467 2000 λεία,
486 1932 777 2006 grandibua
797 1944 851 1986 et
872 1934 991 1988 latia
1012 1934 1177 2000 soliis,

145 2015 305 2066 caulc
333 2032 527 2086 magno
561 2032 574 2066 :
608 2012 837 2067 validam
868 2013 981 2067 baec
1015 2012 1178 2067 habet

142 2105 395 2147 naturam
415 2132 429 2152 ‚
467 2105 520 2147 et
564 2094 673 2146 vim
702 2111 943 2164 magnam
994 2093 1173 2147 habet.

142 2175 332 2228 Altera
352 2185 431 2228 eat
450 2173 619 2244 crispa
632 2213 649 2240 ,
670 2174 895 2244 apiaaun
920 2185 1173 2228 vocatur:

144 2253 271 2306 hec
301 2267 379 2308 est
404 2267 592 2308 natura
621 2267 675 2306 et
704 2252 963 2326 adspectu
989 2255 1133 2310 bona
1159 2270 1173 2305 ι

148 2329 221 2384 ad
248 2335 571 2386 curationem
611 2333 838 2387 validior
868 2346 975 2398 cst,
1015 2351 1176 2406 quam

146 2429 273 2484 quae
295 2431 448 2484 supra
472 2413 665 2484 scripta
691 2426 785 2466 est.
812 2413 949 2465 Item
977 2426 1054 2466 est
1070 2425 1176 2464 ter·

148 2493 271 2558 tia,
300 2510 418 2564 quo
446 2494 577 2546 lenis
618 2505 844 2546 vocatur
871 2488 1017 2554 (vet.
1052 2490 1176 2546 cod.

146 2573 375 2627 Mem-sii
399 2585 453 2627 et
480 2571 563 2629 ed
593 2571 715 2629 Aldi
730 2612 749 2641 ‚
778 2590 896 2645 quae
915 2570 1113 2645 κράμβη
1128 2560 1179 2641 ),

148 2652 374 2705 minutis
394 2653 663 2719 caulibus,
694 2668 873 2707 tenera
890 2646 1032 2721 (vet.
1055 2651 1174 2707 cod.

148 2746 205 2784 et
232 2732 400 2786 Aldus
416 2773 432 2799 ‚
456 2693 745 2785 tenuioribus
759 2722 948 2803 soliis),
964 2744 1015 2785 et
1032 2751 1177 2786 acer·

108 2845 115 2849 -
144 2832 289 2865 nina
322 2832 567 2865 omnium
610 2827 687 2867 est
724 2826 941 2867 istarum
963 2852 979 2875 ,
1026 2826 1177 2867 tenui

144 2910 310 2946 succo
332 2892 803 2947 vehemenssssima.
825 2918 848 2939 n
875 2892 1057 2947 Hann.

236 2972 292 3025 3.
340 2972 604 3043 Apianam.
652 2974 731 3026 Ita
776 2974 907 3043 Reg.
946 2970 1067 3026 cod.
1109 2974 1180 3026 At

146 3052 395 3105 colbert.
412 3052 626 3106 Tbuan.
645 3065 699 3105 et
717 3050 896 3105 Chiffl.
916 3052 1176 3123 Apiacam.

142 3128 455 3193 Σελινουδὴς
481 3150 513 3185 a
551 3132 752 3186 Catone
788 3144 1032 3195 vocatur,
1058 3151 1175 3203 cap.

140 3230 303 3265 cnvu
322 3253 339 3274 ,
376 3212 448 3265 ob
478 3209 881 3264 similitudinem
920 3211 1047 3283 apii.
1074 3210 1177 3264 Fo-

140 3292 350 3343 liorum
363 3288 621 3346 densitate
634 3304 685 3346 et
707 3288 1055 3363 crispitudine
1067 3290 1179 3343 haec

138 3370 397 3425 brassica
423 3390 548 3424 cum
578 3370 700 3443 apio
727 3369 1024 3425 similitudo
1050 3390 1179 3424 con-

136 3462 271 3505 stat.
298 3452 395 3503 Est
417 3448 674 3505 Dodonaei
712 3451 940 3505 brassica
964 3450 1180 3504 selinoi·

136 3528 273 3595 dea,
296 3550 419 3603 pag.
452 3534 559 3585 661
581 3569 598 3597 ‚
625 3532 781 3585 chous
792 3532 961 3597 srise's.
990 3528 1059 3585 Η.

228 3618 290 3675 4.
330 3612 757 3683 Transfertur-que,
778 3631 919 3683 quum
958 3614 1179 3685 quinque.

136 3691 373 3745 Colum.
408 3690 501 3743 lib.
532 3690 616 3743 11
633 3729 648 3756 ,
673 3710 789 3763 cap.
811 3690 841 3743 3
869 3710 883 3745 ε
908 3717 931 3739 ι
948 3690 1182 3746 Brassica

132 3788 319 3843 quum
348 3788 409 3824 vt
447 3769 698 3825 foliorum
738 3770 840 3825 erit
860 3810 877 3839 ,
909 3768 1181 3825 transferri

130 3850 339 3917 debet,
363 3862 467 3905 etc.
484 3876 509 3897 --
536 3848 715 3905 Ηιιιιι.

1258 1853 1517 1928 quosdam
1544 1855 1694 1926 quasi
1739 1854 1972 1908 tui-iones
1991 1855 2114 1908 olus
2157 1854 2287 1908 sub·

1260 1935 1523 1988 ministrat
1534 1973 1551 2000 ,
1570 1935 1626 1987 in
1653 1934 1848 2005 quibua
1865 1932 2014 1986 floria
2029 1935 2288 2006 primum,

1261 2033 1386 2068 mox
1451 2013 1666 2067 semini·
1727 2013 1866 2066 setus
1926 2012 2286 2069 concluditur.

1262 2093 1437 2147 Graeci
1460 2095 1628 2165 ιιὺημα
1659 2093 1808 2164 quasi
1837 2107 2050 2164 partum
2073 2091 2288 2158 dicunt,

1260 2184 1391 2226 teate
1417 2174 1627 2227 Galeno
1651 2170 1722 2226 de
1745 2173 1890 2226 alim.
1935 2173 2056 2226 Fac.
2075 2173 2170 2226 lib.
2198 2173 2286 2238 11,

1262 2271 1377 2324 cap.
1406 2253 1476 2308 58
1493 2290 1511 2317 ,
1529 2271 1586 2323 p.
1609 2253 1720 2306 365
1739 2289 1754 2316 ,
1773 2265 1825 2306 et
1839 2264 2108 2308 contracte
2123 2257 2289 2320 κῦμα,

1261 2331 1419 2386 ducta
1445 2333 1586 2386 felici
1617 2331 1960 2386 translatione
1985 2351 2016 2384 a
2049 2346 2289 2386 ventrem

1262 2413 1556 2464 ferentibus
1589 2411 1800 2464 feminis
1847 2411 1916 2464 ab
1963 2412 2248 2466 brassicam
2267 2454 2284 2475 ,

1263 2509 1381 2564 qun
1416 2491 1632 2544 ineunte
1679 2509 1806 2544 vero
1845 2504 2060 2562 turgens
2097 2510 2289 2557 rucco,

1263 2585 1317 2625 et
1339 2571 1637 2644 plurimum
1665 2590 1878 2645 cyrnosa
1913 2571 2094 2626 sobole
2115 2572 2290 2644 gravi·

1263 2650 1348 2717 da,
1365 2653 1654 2705 cauliculos
1673 2652 1910 2705 enititur.
1934 2652 2103 2725 Cyma
2124 2672 2291 2725 porro

1260 2730 1385 2785 licet
1417 2732 1667 2785 muliebri
1697 2752 1821 2785 sexu
1852 2732 2182 2803 frequentius
2205 2752 2291 2785 ao-

1261 2812 1365 2865 leat
1379 2812 1623 2883 usurpari
1637 2852 1653 2879 ,
1671 2830 2079 2883 nonnumquam
2097 2830 2290 2883 genere

1262 2906 1455 2946 neutro
1479 2892 1791 2946 Graecorum
1831 2891 2125 2945 imitatione
2159 2890 2290 2963 legi·

1265 2983 1386 3037 tur,
1417 2986 1477 3026 ut
1514 2970 1658 3045 apud
1694 2970 1978 3026 Columell.
2022 2970 2287 3029 carmine·

1263 3049 1406 3123 quod
1428 3052 1710 3105 hortorum
1736 3051 1907 3104 cultui
1927 3050 2257 3123 nuncupavit
2272 3089 2288 3115 ‚

1264 3132 1357 3184 lib.
1389 3132 1472 3185 X:
1500 3158 1523 3180 ι
1544 3130 1855 3203 Frigoribus
1873 3129 2074 3195 caules,
2101 3143 2151 3183 et
2174 3131 2288 3184 veri

1264 3224 1470 3283 cymata
1526 3212 1710 3263 mittit.
1739 3236 1761 3257 ι.
1811 3210 2012 3261 Tamen
2046 3206 2192 3261 idem
2237 3223 2291 3263 et

1263 3309 1473 3361 cymam
1503 3301 1686 3354 vocat,
1714 3290 1810 3343 lib.
1852 3288 1963 3353 x1,
1990 3307 2108 3361 cap.
2133 3296 2162 3343 3
2181 3327 2198 3353 ,
2236 3302 2293 3343 et

1264 3370 1359 3423 lib.
1388 3371 1528 3434 XII,
1552 3388 1674 3441 cap.
1703 3368 2123 3441 7.H.—-Cymas.
2147 3368 2290 3424 Prae·

1264 3450 1447 3520 cipuas
1470 3446 1716 3502 undecim
1738 3448 2015 3502 varietates
2032 3463 2295 3503 memorat

1265 3525 1463 3585 Willd.
1481 3528 1723 3581 Brassicoe
1746 3529 1974 3581 oleraoeoe
1992 3520 2289 3601 (Teu-adyti.

1266 3610 1393 3683 siliq.
1433 3628 1553 3680 geu.
1589 3608 1770 3675 1245;
1816 3606 2053 3677 Cruciser.
2093 3601 2294 3687 ἔως.)ξ

1266 3687 1333 3741 de
1358 3690 1553 3760 quibus
1585 3708 1729 3741 nunc
1760 3688 1962 3741 Plinius
1992 3688 2116 3761 agit.
2146 3690 2251 3743 En.

1350 3772 1403 3823 6.
1436 3769 1621 3840 Apicii.
1641 3770 1720 3820 De
1743 3788 1808 3821 eo
1833 3766 2064 3823 diximuii
2081 3769 2118 3823 l.
2139 3768 2298 3835 vm,

1268 3868 1384 3922 cap.
1412 3867 1501 3919 77.
1524 3850 1619 3901 Est
1641 3863 1694 3901 et
1719 3850 1849 3901 alter
1875 3848 2091 3921 Apicius
2106 3886 2123 3912 ,
2145 3851 2298 3920 cujus

224 3934 285 3985 5.
335 3930 535 4003 Cymes.
580 3930 762 4001 Cymae
810 3927 1028 4002 quidem
1060 3926 1183 3981 sunt
1268 3929 1393 3981 libri
1420 3941 1656 3989 exstant.
1683 3926 1752 3981 de
1778 3928 2014 3983 obsoniis
2036 3942 2089 3981 et
2109 3926 2296 3983 condi-

124 4028 435 4083 scaporum
466 4008 800 4064 delicatiores
820 4049 836 4075 ,
876 4021 935 4062 ut
980 4008 1184 4063 Plinius
1272 4010 1465 4064 mentis
1492 4048 1509 4075 ,
1544 4010 1656 4062 sive
1698 4006 1766 4062 de
1806 4022 1918 4063 arte
1953 4008 2296 4079 coquinaria:

124 4093 247 4157 ait,
278 4089 684 4161 tenerioresque
725 4088 988 4143 cauliculi.
1020 4088 1185 4141 Nam·
1272 4108 1454 4161 cymas
1478 4102 1533 4142 et
1564 4088 1821 4143 coliculos
1855 4085 2142 4142 condiendi
2184 4105 2301 4163 mo-

122 4189 243 4244 que
296 4168 397 4223 ubi
441 4187 671 4225 vernum
708 4181 917 4241 tempus
946 4168 1185 4241 appetit,
1274 4166 1405 4223 dum
1426 4170 1469 4223 is
1493 4166 1706 4233 edocet,
1739 4168 1831 4223 lib.
1855 4168 1966 4229 111.
1998 4186 2112 4240 cap.
2147 4186 2201 4237 9.
2225 4166 2306 4223 De

312 4280 447 4347 VI.
1891 4276 1987 4345 28
