3150 5150
1013 601 1332 670 LIBER
1379 601 1550 669 XX.

2196 595 2353 692 619

215 734 543 821 diximus,
569 731 980 828 Pythagoras
1019 733 1466 828 principatum
1497 730 1751 822 habere
1784 755 1866 799 ex
1896 729 2037 813 hss,
2065 752 2351 824 quorum

219 838 498 910 sublime
531 842 634 910 vis
677 837 954 924 feratur,
985 836 1347 933 judicavit,
1381 838 1696 932 quoniam
1743 861 1877 906 non
1923 833 2103 905 aliud
2146 838 2356 930 magis

219 948 288 1014 in
323 969 517 1018 nares
552 958 621 1018 et
661 947 1012 1015 cerebrum
1054 959 1378 1041 penetret·
1442 943 1544 1013 Ad
1592 939 2036 1039 serpentium²
2080 943 2251 1012 ictus
2288 957 2359 1012 et

219 1054 647 1147 scorpionum
673 1053 904 1120 tritum
934 1075 1087 1122 cum
1115 1065 1306 1122 aceto
1327 1049 1621 1122 illinitur.
1650 1033 2073 1188 Fungorum³
2101 1072 2358 1117 venena

217 1157 505 1228 discutit.
533 1160 788 1228 Contra
820 1159 1126 1253 pituitam
1155 1173 1418 1228 tenetur
1451 1159 1522 1225 in
1553 1144 1711 1226 ore⁴
1714 1157 1974 1244 ‚donec
2002 1153 2319 1249 liquescat
2336 1206 2357 1239 ‚

213 1277 336 1334 aut
375 1266 826 1358 gargarizatur
869 1289 1024 1334 cum
1079 1287 1252 1360 aqua
1285 1261 1516 1333 mulsa.
1573 1262 1679 1332 Ad
1711 1261 2011 1332 dentium
2055 1260 2354 1330 dolorem

217 1369 605 1440 manditur·
651 1371 740 1440 ad
779 1355 1016 1439 ιινιιιιι5
1064 1372 1516 1465 gargarizatur
1569 1395 1725 1441 cum
1770 1385 1958 1440 aceto
2002 1382 2069 1437 ct
2128 1366 2344 1438 melle.

209 1463 620 1552 ‚Stomacho⁶
661 1475 1076 1546 utilissimum
1125 1491 1358 1547 contra
1407 1477 1629 1545 omnia
1669 1477 1869 1562 vitia,
1905 1473 2359 1571 pulmonibus-

219 1607 374 1676 que.
419 1584 925 1652 Exscreationes
961 1582 1184 1653 faciles
1225 1583 1437 1653 facit
1419 1609 1487 1651 ιιι
1529 1583 1681 1652 cibo
1725 1596 2115 1677 sumptum.
2160 1580 2359 1650 datur

223 1703 292 1758 et
329 1691 734 1783 suspiriosis:
776 1690 930 1758 item
962 1688 1442 1760 comitialibus⁷
1481 1688 1778 1784 tepidum
1816 1713 1970 1758 cum
1996 1709 2199 1756 succo
2234 1711 2358 1756 cu-

223 1821 589 1865 cumerum.
639 1781 926 1864 Sensus⁸
931 1848 950 1881 ,
1007 1809 1204 1890 atque
1247 1797 1785 1866 sternutamentis
1837 1808 2039 1889 caput
2078 1807 2361 1889 purgat,

219 1900 448 1970 alvum
493 1900 746 1990 mollit,
792 1916 1130 1972 menstrua
1165 1917 1234 1972 et
1261 1904 1520 1972 urinam
1555 1903 1707 1972 ciet.
1748 1899 2199 1995 Hydropicis9.
2228 1902 2359 1968 im-

221 2010 498 2104 ponitur
545 2033 699 2078 cum
743 2007 874 2078 fico
915 2022 985 2077 ct
1021 2011 1288 2079 cumino
1323 2023 1554 2080 tusum
1596 2009 1803 2078 ternis
1852 2006 2172 2102 partibus.
2222 2009 2365 2075 Co-

311 2201 366 2235 n.
391 2184 486 2236 Ad
510 2187 794 2254 serpentum
819 2185 970 2248 ictus,
1001 2195 1103 2238 etc.
1129 2181 1256 2237 Hoc

223 2261 370 2315 Plin.
387 2262 589 2316 Val.sd
609 2261 830 2317 verbum
844 2302 862 2327 ,
887 2262 983 2317 lib.
1011 2262 1113 2330 IV,
1135 2282 1255 2335 cap.

231 2345 330 2397 28.
352 2341 533 2396 Hsnn.

309 2423 367 2477 3.
387 2421 684 2492 Fungorum.
711 2420 848 2474 Ptin.
876 2421 1000 2474 val.
1027 2422 1136 2475 loc.
1165 2421 1254 2477 cit.

213 2515 282 2556 ct
307 2500 602 2555 Dioscorid.
627 2503 758 2554 Εὐπ.
783 2503 867 2566 11,
895 2519 1012 2573 cap.
1041 2505 1178 2566 160,
1203 2514 1257 2555 et

225 2583 286 2636 in
313 2582 464 2635 Alex.
487 2600 604 2655 cap.
637 2580 728 2635 23.
756 2579 939 2636 Han.

310 2668 366 2726 4.
398 2662 448 2715 C
443 2674 584 2715 cntra
602 2664 831 2731 pituitam
862 2668 1048 2714 tenetur
1075 2665 1124 2713 n‘n
1153 2680 1256 2716 om.

225 2741 478 2795 Mensam
491 2741 680 2813 mpitis
691 2740 939 2813 pituitam
953 2740 1112 2795 elicit.
1123 2733 1259 2794 Ᾰπο·

221 2822 558 2892 exquesita.
584 2820 940 2875 Dioscorides.
963 2822 1264 2875 Duae.—

227 2901 434 2955 eonem.
463 2900 700 2956 Marcell.
735 2900 992 2972 Empiric.
1025 2918 1148 2972 cap.
1174 2920 1209 2955 v
1236 2917 1253 2953 ε

230 3006 257 3028 ι
287 2980 466 3035 Melus
493 2994 548 3034 et
589 2979 784 3053 sinspis
827 2979 941 3034 triti
985 2979 1258 3051 aqualiter

221 3060 408 3113 mixto
438 3072 615 3131 partes
643 3060 945 3131 tepefiunt:
976 3073 1031 3112 et
1059 3059 1258 3113 humor

223 3139 426 3193 multus
450 3158 481 3193 c
507 3138 682 3209 capite
701 3152 824 3210 post
841 3139 1056 3211 longam
1072 3156 1256 3210 gargu-

222 3217 537 3273 rizationem
567 3216 870 3273 deducitur.
901 3242 927 3266 ι
961 3218 1051 3273 Sic
1075 3218 1258 3272 Diosc.

223 3298 322 3351 lib.
345 3299 426 3355 11.
451 3316 501 3351 c.
529 3299 670 3362 1842
693 3290 1120 3369 Ᾰποφλιγματίζιι
1139 3294 1259 3351 δια.-

224 3378 474 3448 μασστιθὶν
491 3418 508 3441 ,
529 3403 552 3428 ι
570 3376 1072 3432 commanducatum
1087 3376 1156 3431 ad
1177 3378 1259 3449 pi-

225 3458 420 3511 tuitam
466 3456 656 3530 eapitis
693 3455 1009 3511 eliciendam
1038 3457 1250 3511 valet.-

226 3538 417 3591 Hsnn.

310 3613 362 3669 5.
383 3615 482 3669 Ad
501 3634 657 3667 uvam.
689 3615 830 3668 Plin.
858 3616 1042 3669 Voler.
1073 3616 1167 3670 lib·
1195 3616 1252 3676 Ι,

225 3714 349 3769 cap.
377 3695 474 3760 43.
493 3693 680 3749 Eun.

311 3780 364 3829 6.
406 3773 679 3827 swa-«0110.
723 3772 963 3831 Marcell.
994 3774 1256 3845 Empiric.

229 3872 352 3927 cap.
378 3872 472 3918 xx,
498 3872 556 3925 p.
597 3852 722 3908 150.
755 3854 938 3906 ΗΑιιιι.

311 3952 366 4004 7.
400 3934 521 3987 Item
545 3933 878 3987 comitialibus.
906 3932 1262 3999 Dioscorides,

225 4012 324 4066 lib.
352 4014 440 4078 11,
469 4031 586 4084 cup.
615 4016 744 4076 184.
773 4014 838 4065 In
871 4012 1026 4067 MSS.
1056 4032 1168 4065 non
1191 4025 1262 4066 u-

220 4092 420 4163 pidum,
442 4092 536 4147 sed
556 4092 874 4145 comitialibus
886 4093 1010 4146 tedis
1031 4092 1258 4164 legitur:

228 4172 376 4226 unde
414 4174 572 4226 radiis
613 4174 792 4226 forsan
831 4172 1116 4245 legendum
1139 4212 1156 4238 ,
1202 4186 1260 4227 ut

229 4252 536 4309 Pellicerius
553 4253 610 4307 in
634 4252 759 4308 Not.
788 4252 944 4307 MSS.
965 4266 1164 4307 monet.
1188 4252 1261 4305 H.

1425 2185 1478 2237 8.
1510 2182 1704 2236 Sensus.
1731 2182 1869 2236 Pliu.

1341 2280 1458 2334 cap.
1500 2263 1589 2316 28.
1621 2261 1805 2315 Hsnn.

1427 2361 1482 2412 9.
1526 2341 1838 2413 Hydmpicis.
1884 2339 2071 2394 Celsus
2118 2357 2331 2411 quoque
2350 2377 2367 2404 ,

1337 2421 1432 2476 lib.
1460 2423 1572 2487 111,
1592 2439 1710 2493 cap.
1744 2439 1808 2474 ιι
1826 2461 1843 2486 ,
1872 2433 1925 2474 et
1954 2419 2023 2472 ad
2050 2419 2369 2490 hydropises

1340 2501 1581 2554 crebrius
1614 2500 1822 2572 imponi
1864 2501 2037 2554 ventri
2071 2499 2243 2569 sinapi
2280 2500 2366 2570 ju·

1339 2582 1433 2635 het
1448 2579 1645 2648 ,donec
1668 2594 1842 2635 cutem
1856 2578 2060 2635 erodat.
2076 2580 2370 2651 Praeposte·

1339 2678 1400 2715 re
1426 2661 1861 2733 interpunctione
1893 2660 2203 2733 perturbata
2244 2659 2367 2713 hac-

1341 2752 1498 2795 tenus
1518 2740 1700 2794 omnis
1713 2742 1818 2795 hoc
1842 2740 1969 2795 loco
1990 2740 2165 2805 fuere,
2183 2752 2235 2792 et
2248 2758 2367 2811 quae

1339 2820 1655 2894 hydropicis
1701 2820 1939 2875 adhibita
1974 2818 2211 2873 remedia
2228 2855 2247 2884 ‚
2282 2838 2369 2871 ea-

1341 2898 1466 2953 dem
1493 2902 1792 2973 epilepticis
1816 2898 2091 2954 attributa.
2116 2899 2205 2953 Sic
2225 2898 2369 2953 enim

1341 2979 1644 3051 legebatur:
1673 3006 1695 3029 ιι
1721 2979 2047 3051 Hydropicis
2072 2976 2374 3049 imponitur

1339 3076 1466 3111 cnm
1505 3059 1610 3113 fleo
1644 3071 1698 3113 et
1735 3060 1950 3112 cumino
1994 3068 2171 3111 tusum
2207 3056 2374 3111 ternis

1340 3138 1589 3210 partibus
1630 3137 1887 3191 comitiali
1918 3138 2149 3190 morbo:
2183 3136 2372 3189 vulve-

1339 3234 1464 3271 rum
1485 3215 1839 3272 conversione
1868 3216 2145 3273 suffocatas
2178 3216 2376 3271 excitat

1337 3294 1534 3363 odore,
1578 3308 1727 3351 aceto
1756 3296 1944 3350 mixto.
1968 3296 2252 3350 -ssrroris
2275 3293 2374 3349 ad·

1341 3394 1601 3429 monuere
1623 3376 1913 3471 scriptores
1940 3372 2090 3429 duo:
2114 3376 2249 3429 alter
2278 3374 2374 3447 qui

1337 3453 1412 3511 de
1431 3454 1770 3528 hydropicis,
1788 3456 1919 3509 alter
1934 3453 2116 3527 quide
2134 3452 2378 3527 epilepti-

1337 3535 1444 3597 cis,
1478 3548 1532 3589 et
1559 3536 1841 3589 vulvarum
1881 3536 2233 3589 conversione
2262 3534 2377 3588 suf·

1339 3614 1527 3669 focutis
1551 3613 1736 3668 endem
1758 3612 2065 3687 prodidere.
2096 3614 2373 3669 mimvat.

1341 3695 1438 3748 lib.
1464 3696 1575 3761 111,
1602 3712 1717 3769 esp.
1742 3712 1806 3747 ιι
1824 3693 1893 3747 de
1917 3693 2195 3767 hydropisi
2216 3712 2232 3747 ε
2254 3720 2278 3743 ιι
2296 3694 2379 3747 Si-

1341 3774 1502 3846 napi,
1527 3774 1731 3846 inquit,
1752 3786 1807 3828 et
1823 3774 1983 3838 fleus,
2004 3789 2057 3829 et
2070 3774 2378 3839 cuminum,

1346 3854 1509 3927 aquis
1535 3854 1777 3926 partibus
1817 3866 1966 3919 tusa,
1997 3855 2172 3908 ventri
2202 3854 2376 3924 impo-

1344 3946 1569 3988 nuntur.
1591 3960 1615 3981 a·
1636 3934 1766 3989 cel.
1787 3933 1975 3987 Ani-el.
1995 3934 2199 3987 Chron.
2216 3934 2312 3987 lib.
2326 3934 2375 3991 1.

1345 4032 1464 4086 cap.
1489 4020 1522 4079 4
1541 4012 1613 4067 de
1625 4014 1878 4085 epilepsis
1896 4030 1909 4066 ι
1930 4040 1953 4060 ι
1965 4013 2229 4067 Articulos
2246 4030 2377 4085 quo-

1345 4112 1454 4167 que
1485 4112 1695 4156 omnes,
1729 4094 1935 4164 inquit,
1963 4093 2217 4165 ligatione
2245 4098 2375 4148 con·

1345 4174 1663 4246 stringentes
1674 4210 1689 4238 ,
1710 4186 2129 4227 sternutamento
2143 4191 2379 4227 commo-

1347 4266 1406 4307 to
1427 4272 1489 4309 cx
1517 4264 1696 4318 aceto,
1723 4252 1943 4308 naribus
1958 4252 2181 4309 interius
2210 4252 2337 4309 flato
2360 4292 2385 4325 ι

1909 2180 2090 2236 valer.
2129 2180 2229 2234 lib.
2268 2181 2371 2246 IV,
