3150 5150
983 592 1298 660 LIBER
1348 594 1520 662 XX.

2170 589 2310 686 569

189 831 452 900 Somnia
487 832 770 900 Venerls
811 830 1082 899 inhibet.
1123 831 1359 901 Tineas
1380 805 1428 855 ¹⁵
1469 830 1657 927 pellit
1700 855 1782 899 ex
1820 845 2009 900 aceto
2054 846 2307 926 potum.

187 938 432 1032 Contra
461 937 862 1031 porriginem
901 961 980 1006 ex
1015 951 1206 1007 aceto
1235 937 1839 1031 infunditur-capiti
1868 938 1940 1005 in
1974 935 2131 1007 sole.

287 1043 467 1111 LIII.
489 1045 736 1112 Mentae
752 1041 772 1066 ¹
803 1044 1006 1137 ipsius
1035 1041 1205 1112 odor
1233 1046 1525 1114 animum
1550 1045 1826 1129 excitat,
1848 1057 1923 1112 et
1939 1067 2141 1137 sapor
2164 1045 2307 1112 avi-
2356 1073 2377 1108 1

189 1147 452 1217 ditatem
485 1150 554 1216 in
583 1149 780 1232 cibis,
821 1147 1010 1218 ideo·²
1059 1150 1575 1222 embammatum
1613 1151 1913 1219 mixturae
1952 1148 2307 1221 familiaris.

116 1273 124 1312 ἰ
187 1239 372 1346 Ipsa³
415 1277 752 1341 acescere,
805 1269 921 1324 aut
962 1243 1199 1339 coire⁴,
1248 1256 1637 1350 denserique
1680 1254 1779 1324 lae
1822 1241 1997 1324 non⁵
2044 1258 2311 1351 patitur.

116 1381 122 1420 t·
189 1361 412 1448 Quare
446 1359 628 1431 lactis
671 1362 1050 1456 potionibus
1089 1361 1379 1452 additur,
1420 1388 1506 1433 ne
1543 1363 1740 1456 hujus
1784 1361 2113 1482 coagulati
2152 1377 2315 1457 potu

115 1487 126 1534 ε
189 1465 700 1560 strangulentur.
715 1469 979 1536 Datur
960 1492 1028 1536 ιιι
1051 1493 1220 1563 aqua
1247 1484 1364 1538 aut
1391 1468 1638 1539 mulso·
1663 1467 1889 1538 eadem
1924 1470 1990 1537 vi
2017 1471 2351 1538 resistere

116 1597 124 1636 :
187 1574 590 1666 generationi
625 1560 980 1659 crediturffi
1013 1575 1386 1646 cohibendo
1412 1574 1757 1672 genitalia⁷
1790 1574 2073 1645 denseri.
2108 1577 2319 1670 AEque

116 1814 118 1836 ζ
187 1783 374 1818 necare
389 1763 684 1820 traditur.
705 1767 776 1832 Q.
802 1769 1060 1833 Serenus,
1087 1787 1204 1840 cap.

116 2039 124 2070 t

116 2119 126 2152 Ι

189 1863 318 1910 1111,
347 1863 469 1917 pag.
499 1864 524 1897 1
537 1846 604 1898 32
639 1864 654 1896 ε
692 1847 818 1899 «De
838 1847 1044 1900 aurium
1063 1848 1206 1912 vitiis

186 1923 586 1980 succus-tendis.
629 1924 900 1980 Mentastri
919 1927 1098 2000 liquor
1116 1947 1206 1981 ex·

183 2021 389 2075 pressus
409 2002 706 2062 conducere
723 2005 910 2060 fertur.
930 2033 952 2054 ι
975 2005 1136 2061 Adde
1153 2020 1208 2061 ct

187 2103 216 2136 e
241 2083 437 2137 Graecis
465 2083 751 2146 Galerium,
775 2086 812 2139 l.
843 2102 891 2139 c.
916 2105 1039 2158 pag.
1078 2088 1204 2142 ¹83.

117 2209 122 2226 ι
185 2164 410 2216 vermes
449 2163 712 2230 minutos,
739 2166 918 2237 quales
950 2167 1005 2220 in
1044 2167 1206 2220 caseis

116 2282 125 2314 l

185 2241 544 2315 semiputridis
573 2243 945 2309 inveniuntur,
967 2264 1030 2300 ex
1061 2247 1206 2300 auri-

116 2365 123 2394 t
184 2323 284 2376 bus
338 2321 582 2394 prodire,
629 2324 788 2378 etiam
841 2337 894 2379 et
953 2329 1206 2396 majores,

185 2402 438 2472 exemplis
505 2404 870 2476 compluribus
927 2406 1208 2459 coufirmat

187 2480 526 2544 Schenckius,
545 2477 673 2536 0123.
694 2481 834 2536 med.
857 2486 916 2549 1,
957 2504 1079 2552 ¹9²·
1105 2485 1174 2540 Η.

269 2561 360 2615 13.
384 2561 578 2616 Morbo.
607 2561 792 2617 Galen.
816 2564 852 2619 l.
879 2584 926 2618 c.
951 2575 1006 2618 et
1029 2565 1204 2619 Diosc.

185 2641 298 2706 m,
337 2642 407 2695 ⁵3
427 2660 444 2706 ς
467 2643 646 2697 Schol.
675 2642 962 2709 Nicandri,
985 2664 1039 2716 p.
1064 2650 1114 2701 s.
1135 2644 1204 2699 Η.

270 2740 293 2773 1
308 2727 360 2785 4.
375 2720 600 2775 Set-umis.
619 2724 786 2778 Marc.
799 2725 954 2795 Emp.
977 2743 1092 2796 cap.
1109 2745 1206 2791 xv,

185 2817 240 2869 p.
281 2819 390 2871 107
407 2839 424 2865 ,
448 2803 718 2859 cum.vino
739 2801 945 2859 idcirco
972 2806 1206 2877 gargari-

183 2880 288 2931 zari
313 2882 484 2951 jubet.
516 2882 728 2944 Ham(

270 2958 358 3013 15.
396 2962 592 3016 Tium.
621 2962 742 3035 Gal.
765 2976 819 3017 et
845 2964 1021 3017 Diosc.
1044 2964 1104 3017 ll.
1128 2982 1206 3019 cc.

184 3038 387 3092 Plinius
406 3040 520 3112 ipse
545 3042 787 3113 superius
802 3082 818 3109 ,
839 3062 956 3115 cap.
987 3043 1084 3108 50,
1115 3045 1209 3098 uhi

184 3116 251 3170 de
281 3122 542 3176 nasturtio
579 3140 593 3173 ε
632 3123 1064 3176 «Intestinorum
1095 3125 1210 3177 ani-

116 3256 120 3265 ‚
184 3198 341 3251 malin
365 3200 568 3271 pellit·
611 3200 881 3257 efficacius
918 3216 1208 3258 mentastro

116 3272 120 3347 J
183 3275 428 3333 addito.»
465 3279 653 3333 Hsnn.

261 3358 409 3410 L111.
445 3377 494 3411 1.
521 3360 606 3412 Me
605 3372 702 3413 πίω
727 3364 875 3431 ipsius
905 3362 1039 3415 odor.
1047 3320 1208 3415 imin.

184 3435 774 3501 val.IV,2o.11mo.
827 3454 832 3457 '

267 3536 322 3570 a.
353 3518 472 3569 Ideo
498 3520 694 3575 embam.
732 3510 1028 3591 Εμῧοιμμοι,
1058 3525 1212 3591 juru-

181 3596 386 3651 lentum
417 3611 518 3664 est,
547 3600 697 3670 quod
726 3600 793 3653 ad
832 3601 1084 3655 intinctus
1117 3620 1210 3673 pa·

178 3688 333 3729 ratur
363 3695 380 3733 z
405 3678 668 3750 liquidum
703 3679 836 3733 illud
873 3700 983 3751 quo
1018 3700 1211 3753 panem

179 3756 236 3807 in
261 3757 491 3811 vasculis
511 3759 786 3813 obsoniive
817 3758 1020 3833 aliquid
1049 3761 1213 3815 intin-

178 3836 373 3907 gimus.
404 3837 589 3891 Han.

265 3916 320 3969 3.
350 3917 575 3986 Ipsa.1ta
605 3919 781 3972 Diosc.
813 3920 916 3984 111,
936 3925 1024 3983 ἀι.
1048 3919 1207 3973 Coire

179 3993 296 4057 lac,
321 3996 534 4067 inquit,
558 3996 874 4069 densarique
905 4000 964 4052 in
993 4018 1206 4053 caseum

179 4093 298 4127 non
331 4076 559 4146 patitur,
579 4078 622 4129 si
650 4079 773 4131 folia
806 4079 854 4132 ei
884 4079 1208 4150 immergan-

183 4166 292 4207 tur.
313 4153 656 4211 Flos-cutinus
674 4157 800 4213 item
821 4158 876 4211 in
893 4159 1064 4231 Geop.
1087 4160 1212 4224 XII,

183 4241 254 4298 ²4
279 4255 291 4285 :
317 4235 375 4286 Ei
402 4231 458 4287 δὲ
488 4237 570 4291 καὶ
595 4238 661 4299 εἰς
692 4240 826 4308 γάλα
858 4236 1103 4309 ἐμὸληθῇ,
1131 4240 1213 4292 καὶ

1289 1767 1421 1841 fate&
1447 1773 1613 1822 ταῦτα.
1635 1769 1667 1825 ἡ
1693 1769 1851 1820 mrim
1873 1763 2129 1836 ἐπιὸληθῇ,
2152 1767 2202 1820 οὗ
2223 1787 2321 1820 πα.-

1287 1849 1496 1920 wiceton
1523 1851 1578 1901 τὸ
1608 1847 1758 1917 γάλα.
1794 1848 1898 1899 «Ῑιι
1935 1847 2017 1900 lac
2056 1848 2099 1898 si
2122 1846 2322 1916 injicia-

1291 1941 1405 1993 tur,
1419 1941 1474 1981 et
1487 1927 1765 1999 coagulum
1786 1938 1967 1998 postea
1982 1926 2318 1985 immittatur,

1288 2008 1372 2065 lac
1396 2027 1507 2061 non
1530 2005 1913 2079 coagulabitur.
1940 2031 1962 2053 ι
1997 2004 2179 2058 Han».

1373 2092 1424 2150 4.
1452 2087 1562 2141 Aut
1581 2089 1707 2139 coire
1723 2124 1739 2149 ,
1760 2098 1861 2140 etc.
1885 2083 2163 2137 Cassianus
2183 2103 2319 2156 quo·

1291 2184 1414 2237 que,
1437 2166 1532 2219 lib.
1554 2168 1662 2219 ΧΠ
1677 2202 1695 2229 ,
1716 2182 1832 2236 cap.
1852 2172 1921 2228 ²4
1945 2163 2322 2235 Geoponicon,

1291 2247 1480 2316 injecta
1494 2259 1671 2299 menta
1684 2245 1809 2300 laeti
1821 2243 2033 2315 spissari
2053 2243 2323 2315 prohibet,

1289 2325 1492 2380 etiamsi
1513 2325 1797 2397 coagulum
1817 2323 2149 2377 immittatur.
2171 2323 2321 2377 Idem

1287 2407 1450 2458 rebus
1477 2405 1738 2458 venereis
1776 2402 2175 2456 incommodam
2212 2422 2323 2456 esse

1291 2484 1477 2550 tradit,
1495 2482 1951 2557 quemadmodum
1971 2495 2023 2536 et
2034 2481 2325 2554 Hippocra-

1289 2578 1392 2631 tes,
1416 2565 1510 2619 lib.
1533 2566 1589 2618 11
1615 2571 1703 2625 τῆς
1730 2559 1958 2628 διαίτης,
1982 2577 2035 2617 et
2057 2563 2322 2616 Aristotel.

1288 2645 1615 2711 Problemat.
1641 2645 1727 2707 11,
1756 2662 1799 2696 s.
1832 2664 1925 2705 πο,
1946 2655 2129 2695 contra
2166 2660 2325 2711 quam

1289 2723 1623 2779 Dioscorides
1677 2724 1887 2795 scripsit
1933 2721 1999 2775 τὰ
2058 2717 2327 2794 ἀφροδίσια

1290 2806 1524 2877 ὶριθίζειν.
1549 2807 1754 2858 Dante.
1888 2852 1913 2881 :-

1374 2885 1424 2939 5.
1447 2886 1737 2956 Densa-ique
1758 2884 1837 2935 lac
1854 2900 1968 2938 non.
1986 2882 2069 2935 Ita
2089 2882 2241 2935 MSS.
2260 2883 2325 2934 R.

1292 2964 1448 3018 Colb.
1485 2978 1585 3018 etc.
1622 2983 1731 3017 non
1762 2964 1979 3024 deman,
1996 2961 2083 3013 vel
2113 2960 2324 3013 densari.

1293 3044 1382 3097 Sic
1424 3043 1703 3097 Lucretius
1720 3082 1735 3106 ,
1778 3042 1871 3095 lib.
1920 3042 1976 3103 1,
2035 3058 2113 3093 vs.
2169 3043 2325 3108 647·
2310 3078 2327 3096 .

1299 3148 1322 3171 ι
1343 3123 1436 3176 Nil
1459 3120 1733 3193 prodesset
1760 3121 1903 3175 enim
1930 3117 2163 3173 calidum
2190 3117 2327 3171 deu-

1292 3202 1456 3255 serier
1480 3202 1677 3272 ignem.
1708 3226 1731 3247 ι
1758 3201 1829 3253 Et
1852 3218 1927 3253 vs.
1962 3198 2077 3251 656
2099 3216 2114 3250 τ
2135 3224 2157 3246 ι
2182 3200 2330 3267 Den-

1292 3282 1395 3335 seri
1423 3292 1678 3352 poterunt
1702 3280 1868 3351 ignes.
1890 3306 1916 3325 ι·
1944 3274 2147 3331 Hesus

1376 3364 1430 3414 6.
1453 3362 1688 3413 Resistet-e
1708 3372 1757 3412 ee
1778 3360 2080 3429 generationi
2098 3356 2328 3410 ereditur.
2364 3420 2373 3427 ι

1295 3441 1486 3493 Vulva
1514 3452 1637 3493 ante
1662 3440 1861 3494 coitum
1890 3436 2107 3505 admota
2138 3435 2332 3491 colice·

1295 3532 1449 3591 ptum
1469 3518 1714 3588 impedit.
1740 3520 1921 3573 Diosc.
1944 3515 2337 3591 IdipsumUscri·

1295 3600 1402 3671 psit
1450 3612 1504 3653 et
1546 3599 1937 3669 Hippocrates,
1972 3597 2075 3661 lib.
2118 3597 2171 3649 11
2196 3634 2213 3661 ,
2264 3593 2335 3649 de

1295 3677 1471 3733 dinta.
1501 3680 1709 3731 Dante.

1379 3778 1433 3830 7.
1466 3758 1734 3813 Genitalia.
1761 3756 1877 3810 Hoc
1902 3768 2009 3821 est,
2036 3756 2120 3807 vel
2153 3754 2221 3809 τὰ
2256 3756 2334 3808 αἰ-

1298 3834 1417 3892 δοῖα
1446 3838 1813 3902 ὄντιίνειν,.τε1
1842 3835 2053 3890 densari
2080 3835 2255 3906 potius
2282 3846 2335 3888 et

1297 3919 1444 3973 velut
1505 3919 1771 3990 coagulari
1828 3914 2055 3988 genitale
2112 3932 2333 3978 semeuz

1294 4017 1416 4052 nam
1447 4012 1504 4052 et
1519 4018 1565 4051 c.
1599 4000 1667 4061 815
1685 4037 1702 4063 ,
1726 3997 1955 4070 genitale
1973 4012 2072 4064 pro
2090 3993 2336 4063 genitura

1301 4097 1395 4131 seu
1445 4079 1645 4131 semine
1696 4075 1911 4147 genitali
1977 4072 2185 4143 accipit.
2246 4072 2334 4125 Sic

1303 4158 1561 4229 Hippocr.
1587 4155 1656 4210 de
1683 4156 1879 4221 diaeta,
1905 4154 1999 4207 lib.
2026 4152 2081 4203 11
2100 4190 2115 4219 ,
2148 4171 2195 4204 c.
2222 4152 2291 4203 26
2317 4169 2329 4203 :

1304 4239 1462 4295 Μίνθη
1516 4238 1775 4309 &pp-aiva.
1798 4275 1812 4288 .
1833 4275 1845 4287 .

1888 4231 1970 4286 καὶ
2001 4232 2059 4290 ἦν
2098 4230 2333 4291 πολλάκις
2369 4266 2379 4273 -

2499 1 2800 9 -——=—-—-v--
2823 1 2910 11 -w
2945 3 2950 5 .
