3150 5150
926 474 1063 546 382
1467 476 1548 542 C.
1598 472 1932 544 PLINII
1982 475 2198 544 NAT.
2255 476 2512 545 HIS‘l.

926 633 1047 676 ceu
1087 607 1310 693 lactis,
1341 621 1750 744 superenato
1787 606 2012 693 caule,
2053 632 2251 701 quem
2286 606 2670 702 magydarin
2705 626 3030 679 vocarunt.

924 713 1108 784 Folia
1144 698 1366 781 aurei³
1370 700 1673 782 ⁴coloris
1727 738 1852 807 pro
1891 715 2137 782 semine
2181 713 2410 800 fuisse,
2446 714 2748 783 cadentia
2777 739 2817 782 a
2853 720 3032 784 Canis

923 824 1361 904 ortu‚Austro
1382 820 1600 887 flante.
1628 823 1728 887 Ex
1754 820 1859 889 his
1883 818 2286 913 laserpitium
2307 844 2486 888 nasci
2510 819 2776 889 solitum
2795 845 3033 906 ‚annuo

924 910 1173 1020 spatio³
1179 911 1309 993 ⁵et
1338 924 1588 1001 radice,
1623 938 1689 994 et
1728 923 1913 994 caule
1945 925 2558 995 consummantibus
2598 950 2761 995 sese.
2797 929 2942 995 Hoc
2979 944 3036 995 et

920 1016 1374 1102 circumfodi³⁶
1409 1030 1671 1100 solitum
1714 1031 2101 1126 prodidere.
2146 1055 2269 1099 nec
2313 1033 2579 1126 purgari
2616 1056 2897 1149 pecora,
2935 1034 3035 1102 sed

918 1161 1092 1232 aegra
1120 1138 1335 1206 sanari
1353 1123 1425 1222 ³⁷,
1456 1151 1570 1205 aut
1602 1141 1902 1233 protinus
1926 1139 2128 1206 mori·
2112 1136 2387 1231 ,quod
2369 1162 2438 1204 m
2467 1139 2695 1232 paucis
2724 1139 3032 1207 accidere

918 1246 1183 1312 Persico
1221 1242 1459 1337 silphio
1490 1245 1674 1337 prior
1711 1245 1938 1337 opinio
1981 1246 2310 1338 congruit.
2350 1290 2360 1300 .

853 1381 875 1414 ι
980 1379 985 1384 ·
1026 1351 1215 1418 XVI.
1247 1347 1545 1417 Alterum
1583 1348 1827 1471 genus¹
1871 1350 2012 1442 ejus
2039 1363 2168 1433 est,
2209 1348 2388 1468 quod
2428 1349 2799 1442 magydaris
2839 1375 3030 1418 voca-

918 1472 1062 1540 tur,
1097 1457 1385 1523 tenerius
1416 1470 1481 1523 et
1510 1457 1752 1524 minus
1748 1456 2156 1541 vehemens,
2202 1457 2339 1524 sine
2373 1479 2616 1524 succo:
2619 1456 2839 1549 quod
2876 1458 3031 1524 circa

914 1560 1211 1655 Syriam²
1238 1563 1565 1690 ³nascitur,
1614 1587 1748 1629 non
1790 1563 2183 1655 proveniens
2228 1563 2312 1630 in
2345 1564 2712 1680 Cyrenaica
2748 1564 3024 1656 regione.

915 1652 1261 1762 Gignitur³
1310 1681 1376 1734 et
1429 1668 1496 1734 in
1552 1669 1878 1736 Parnasso
1934 1682 2158 1736 monte
2215 1668 2582 1804 copiosiuS,
2645 1668 3024 1761 quibusdam

914 1773 1316 1868 laserpitium
1361 1773 1797 1842 vocantibus.
1839 1798 1962 1867 per
2001 1799 2148 1869 quae
2191 1760 2453 1842 omnia⁴
2506 1771 2916 1842 adulteratur
2947 1776 3025 1843 rei

913 1879 1357 1949 saluberrimae
1420 1878 1909 1973 utilissimaeque
1960 1881 2336 1948 auctoritaS.
2388 1865 2734 1948 Probatio⁵
2804 1882 3022 1949 sinceri

1605 2053 1928 2126 Quanquam
2014 2067 2066 2108 et
2106 2054 2300 2117 caulis,
2335 2061 2405 2121 τῷ
2449 2054 2584 2125 αὐτῷ
2629 2050 2687 2107 <ti
2726 2056 2828 2106 ῐτιι
2866 2055 2949 2110 niv
2975 2075 3018 2104 τ-

2012 2134 2141 2205 ῥίζαν
2170 2135 2413 2204 γίνεσθαι,
2457 2134 2540 2186 καὶ
2576 2135 2658 2185 τὸν
2702 2136 2896 2185 καυλόν.
2928 2135 2988 2184 Η.

908 2058 962 2110 τὸ
1005 2057 1295 2124 καλούμενον
1360 2056 1548 2125 φυλλον.

904 2135 1023 2197 alii,
1057 2146 1117 2186 ut
1142 2132 1399 2198 diximus,
1418 2133 1648 2187 radicem
1674 2133 1927 2205 magyda-

905 2216 989 2268 rin
1041 2226 1264 2276 vocant,
1304 2233 1411 2265 nou
1463 2215 1712 2266 caulem:
1746 2233 1929 2266 semen

904 2295 1077 2367 ipsum
1108 2294 1443 2364 fructumque
1475 2294 1742 2358 Galenus,
1771 2306 1810 2346 t.
1843 2296 1924 2357 11,

904 2374 958 2425 in
986 2372 1123 2443 expl.
1146 2391 1269 2424 voc.
1300 2372 1464 2443 Hipp.
1494 2391 1612 2443 pag.
1645 2372 1758 2443 93:
1787 2364 1926 2426 ὀποῦ

898 2458 1111 2522 καρπὸς,
1130 2453 1315 2520 σιλφίου
1340 2455 1574 2523 σπέρμα,
1607 2454 1723 2521 ὅτι-ορ
1756 2455 1922 2521 φύλλον

898 2534 1063 2593 ίνικῶς
1094 2532 1177 2584 καὶ
1214 2526 1489 2602 μαγύὸαρις
1523 2533 1623 2584 ὑπό
1653 2551 1794 2585 τινων
1832 2552 1924 2585 κα·

802 2654 806 2656 v
894 2617 1069 2666 λεῖται.
1083 2635 1103 2654 ·
1123 2612 1277 2663 Succi
1297 2612 1497 2663 fructus
1511 2648 1527 2671 ‚
1544 2610 1724 2681 silphii
1747 2630 1925 2663 semen

896 2691 1091 2745 dicitur
1107 2730 1122 2755 ,
1147 2688 1290 2758 quod
1308 2704 1358 2743 et
1379 2689 1566 2741 folium
1586 2690 1920 2760 simpliciter,

897 2785 949 2823 et
992 2768 1292 2842 magydaris
1334 2788 1363 2822 ιι
1400 2767 1718 2839 quibusdam
1761 2788 1919 2821 voca·

897 2862 1003 2904 tur.
1028 2877 1049 2896 ·
1074 2852 1144 2902 Et
1169 2849 1276 2901 Jul.
1301 2849 1508 2913 Pollux,
1528 2849 1637 2908 vl,
1676 2866 1740 2900 ιο
1763 2866 1775 2899 :
1808 2854 1916 2900 Σιλ·

893 2933 997 2999 φίου
1035 2932 1089 2982 τὸ
1122 2932 1321 2999 σπέρμα,
1351 2930 1574 2979 καλεῖται
1606 2924 1918 2998 μαγὺδαρις,

893 3024 991 3063 etc.
1029 3011 1214 3062 Hsnn.

975 3089 1067 3151 34.
1124 3087 1269 3138 Folia
1318 3092 1469 3138 aurei.
1530 3086 1769 3138 Foliacea
1789 3123 1804 3150 ,
1854 3097 1916 3138 ut

888 3167 1149 3231 diximus,
1179 3167 1379 3221 semina
1400 3167 1450 3218 ei
1473 3178 1602 3217 sunt
1628 3185 1640 3218 :
1662 3166 1771 3217 haec
1797 3177 1918 3235 post

889 3249 1048 3301 Canis
1060 3260 1235 3318 ortum
1250 3287 1265 3310 ,
1289 3246 1487 3299 Austro
1502 3245 1681 3308 flante,
1699 3244 1914 3296 decussa

884 3328 1121 3379 novellas
1138 3327 1317 3397 silphii
1334 3345 1424 3378 seu
1442 3325 1695 3396 laserpitii
1714 3324 1915 3395 plantas

885 3405 1123 3475 gignunt.
1152 3405 1341 3457 Semen
1370 3405 1549 3474 silphii
1580 3404 1766 3456 solium
1792 3404 1913 3454 sim·

887 3483 1095 3553 pliciter
1116 3485 1437 3554 appellatum
1457 3503 1594 3547 esse,
1617 3502 1681 3534 ex
1694 3482 1913 3535 vetustis

885 3563 1232 3633 scriptoribus
1282 3576 1432 3615 antea
1490 3561 1910 3614 demonstratum

885 3655 978 3694 est.
1019 3641 1380 3711 Theophrasti
1428 3641 1540 3693 hoec
1584 3642 1746 3693 verba
1790 3653 1911 3693 sunt

885 3722 920 3774 l.
946 3741 993 3776 c.
1013 3723 1080 3773 Τὸ
1101 3722 1390 3791 καλούμενον
1417 3722 1583 3789 φύλλον
1611 3714 1730 3772 εἶναι
1758 3724 1908 3790 σπέρ-

880 3821 955 3871 μα
972 3841 986 3862 ,
1008 3803 1033 3853 8
1062 3799 1144 3852 καὶ
1171 3801 1286 3850 ὅταν
1314 3802 1450 3859 νότος
1472 3802 1695 3870 λαμπρὸς
1724 3802 1908 3868 πνεύσῃ

880 3884 1012 3949 μετὰ
1036 3875 1592 3948 Κύνα,διαῤῥίπτιτσιι·
1625 3879 1673 3940 ἐξ
1701 3872 1762 3929 ὧν
1793 3881 1907 3949 φύε·

881 3968 991 4013 σθαι
1019 3964 1073 4012 τὸ
1102 3961 1302 4029 σίλφιον.
1328 3957 1507 4011 Hum-

962 4041 1052 4094 35.
1089 4040 1269 4093 Ammo
1303 4041 1478 4108 spatio.
1522 4036 1723 4089 Eodem
1763 4057 1903 4091 anno

874 4118 1026 4172 radix
1048 4132 1464 4179 consummatur,
1481 4117 1864 4190 perficiturque
1882 4156 1899 4183 ,

2097 2215 2188 2266 36.
2219 2213 2329 2264 Hoc
2355 2225 2402 2263 et
2428 2211 2725 2278 ci2rcumfode
2756 2213 3015 2281 Theophr.

2012 2295 2121 2345 Διῖν
2163 2294 2373 2363 ὀρύττειν
2421 2293 2538 2343 (nir
2512 2312 2668 2354 ειον,
2717 2293 3018 2361 «pastinari

2011 2372 2160 2424 annis
2210 2370 2427 2441 singulis
2475 2383 2738 2442 oportere.
2810 2396 2833 2416 ι
2888 2371 2952 2422 Η.

2095 2450 2187 2542 37.
2221 2450 2322 2502 Sed
2345 2469 2480 2520 «εει-α
2507 2455 2690 2503 sanari.
2725 2453 2835 2501 Aut
2862 2451 3013 2502 sanari

2008 2531 2282 2602 protinus,
2302 2541 2393 2582 aut
2422 2529 2666 2601 protinus
2687 2530 2829 2583 mori
2852 2547 2865 2582 :
2899 2531 3016 2583 mori

2008 2623 2181 2662 autem
2207 2610 2482 2680 protinus,
2516 2628 2710 2661 rarum.
2738 2609 2916 2662 nnn.

2089 2690 2238 2742 XVI.
2269 2708 2316 2741 1.
2340 2690 3014 2760 Alterumgenus.Theophr.

2006 2775 2043 2825 1.
2069 2787 2120 2822 c.
2150 2766 2304 2821 Adde
2338 2769 2694 2840 Hesychium‚
2725 2789 2847 2841 pag.
2881 2774 2976 2830 615
3002 2787 3012 2819 :

2007 2844 2303 2918 Μαγύὃαρις
2320 2884 2333 2905 ,
2363 2850 2482 2908 ὀπὸς
2505 2851 2704 2918 σιλφίου·
2729 2851 2772 2901 οί
2793 2846 2854 2901 δὲ
2877 2852 3013 2916 ἔτερεν

2005 2933 2088 2978 τοῦ
2114 2929 2297 2998 σιλφίου
2328 2923 2451 2980 εἶναι
2480 2922 2608 2987 εἶδος
2643 2929 3015 2999 pastinandi.

2002 3006 2216 3059 —Vid.
2239 3020 2348 3059 not.
2369 3007 2396 3057 1
2423 3005 2489 3059 ad
2513 3007 2642 3059 calc.
2665 3008 2782 3079 huj.
2807 3010 2901 3059 lib.
2930 3008 3011 3058 En.

2087 3106 2113 3138 2
2124 3127 2145 3139 .
2157 3087 2300 3140 Circa
2315 3086 2525 3159 ⁴Syr-iam.
2540 3088 2656 3155 Περὶ
2672 3089 2848 3158 Συρίας
2859 3087 3016 3138 Theo·

2000 3165 2118 3233 pbr.
2150 3167 2225 3218 At
2246 3167 2425 3218 Diosc.
2448 3166 2531 3217 ΠΙ
2545 3205 2559 3229 ,
2578 3172 2652 3232 94
2671 3204 2687 3227 ,
2702 3169 2751 3219 ἰν
2771 3165 2942 3234 Atesim.
2956 3165 3009 3215 H.

2083 3243 2133 3297 3.
2179 3245 2429 3314 Gigm'tur.
2459 3245 2739 3316 Theophr.
2780 3247 2817 3298 1.
2848 3266 2895 3298 c.
2923 3245 2980 3295 B.

2081 3330 2132 3387 4.
2179 3326 2280 3377 Per
2322 3345 2430 3397 qnae
2474 3330 2656 3376 omnia.
2704 3326 2809 3377 Per
2855 3325 3012 3395 Syria·

1999 3421 2124 3455 cum
2143 3443 2159 3468 ,
2178 3404 2621 3476 Parnassiumque
2637 3404 2921 3476 silphium,
2935 3421 3013 3453 ve·

1996 3501 2117 3534 rum
2149 3500 2207 3535 ac
2239 3484 2503 3536 sincerum
2537 3482 2888 3538 adulteratur.
2919 3485 2977 3535 H.

2082 3563 2133 3614 5.
2164 3563 2399 3614 Probatio
2435 3567 2624 3616 sinceri.
2671 3565 2853 3617 Diosc.
2887 3582 3009 3634 quo·

1996 3658 2100 3711 que
2129 3640 2165 3693 l.
2195 3660 2241 3694 c.
2278 3645 2499 3714 Διαφέρει
2526 3639 2588 3695 δὲ
2612 3645 2764 3695 αὑτοῦ
2802 3649 2823 3697 ὁ
2852 3646 3012 3714 ὑπέρυ-

1995 3726 2131 3792 θρος,
2171 3721 2257 3774 καὶ
2294 3718 2531 3792 διαυγὴς,
2560 3725 2829 3793 σμυρνίζων
2850 3764 2891 3776 ..
2911 3763 2923 3774 .
2951 3726 3009 3792 μὴ

1994 3795 2053 3854 δὲ
2083 3802 2271 3862 ἀπηνὴς
2297 3842 2312 3867 ,
2335 3805 2454 3873 πρὸς
2490 3803 2577 3861 τὴν
2606 3808 2795 3871 γεῦσιν·
2825 3807 3012 3872 εὐχερῶς

1993 3900 2049 3933 τι,
2070 3875 2291 3950 διιμίνος
2314 3884 2394 3935 ἐπὶ
2417 3884 2472 3934 τὸ
2488 3885 2654 3935 λευκὸν
2673 3890 2853 3953 χρῶμα
2868 3917 2884 3944 ,
2913 3894 3009 3934 etc.

1999 3987 2020 4008 -
2052 3959 2338 4013 Praefertur
2374 3960 2582 4014 modice
2610 3964 2812 4026 ruber,
2868 3973 3010 4032 atque

1994 4040 2346 4103 translucens,
2403 4042 2635 4111 myrrha
2679 4043 2900 4094 emulus

1991 4137 2162 4189 neque
2179 4120 2380 4190 saporis
2397 4121 2648 4174 immitis:
2667 4123 2761 4192 qui
2784 4121 3004 4191 denique
