3150 5150
696 886 764 947 ⁴9

697 1735 765 1790 50

808 519 951 594 126
1338 520 1419 590 C.
1474 519 1820 592 PLINII
1865 519 2076 592 NAT.
2135 521 2401 591 HIST.

798 679 983 740 rum,
1014 651 1339 749 impositis
1364 653 1728 724 etiamnum
1767 651 2076 750 patibulis
2113 651 2416 748 palmites
2449 651 2920 724 circumvolvit.

796 763 1030 856 Itaque
1068 773 1311 854 praeter
1352 757 1473 829 soli
1500 761 1703 846 vitia,
1727 759 1990 831 cultura
2245 783 2286 828 e
2323 774 2516 829 torva
2549 759 2720 830 fiunt
2755 762 2920 830 vina.

800 864 945 936 Alia
960 863 1192 960 culpa
1166 879 1357 959 Juxta
1378 867 1634 936 Urbem
1659 851 2094 938 Varmcinis⁶
2096 890 2282 962 ,quae
2317 864 2585 936 alternis
2613 879 2924 961 putantur

796 974 1023 1044 annis.
1054 995 1193 1042 non
1224 973 1381 1066 quia
1416 971 1485 1042 id
1509 973 1630 1042 viti
1673 973 2038 1058 conducat,
2083 971 2202 1042 sed
2239 973 2396 1068 quia
2441 971 2725 1058 vilitate,
2759 972 2922 1042 nedi-

798 1093 943 1150 tum
1001 1077 1333 1210 impendia
1380 1093 1798 1174 exsuperant.
1851 1078 2152 1148 Medium
2205 1091 2804 1174 temperamentum
2853 1080 2920 1146 in

800 1170 1273 1257 Carseolano³⁷
1311 1199 1726 1280 sequuntur:
1755 1187 2171 1280 cariosasque
2199 1199 2460 1256 tannim
2503 1185 2650 1254 vitis
2679 1197 2922 1280 partes,

798 1293 1313 1388 incipientesque
1344 1291 1712 1362 inarescere
1739 1291 2156 1388 deputando,
2183 1293 2436 1362 caeteris
2483 1289 2572 1360 ad
2609 1313 2812 1360 uvam
2837 1315 2928 1360 re·

800 1396 997 1500 lictis,
1038 1395 1341 1468 detracto
1378 1421 1584 1468 onere
1627 1420 2075 1494 supervacuo,
2116 1422 2243 1493 pro
2291 1397 2704 1468 nutrimento
2749 1399 2920 1466 omni

798 1519 903 1574 est
932 1506 1170 1574 raritas
1205 1501 1515 1574 vulneris.
1544 1504 1678 1574 Sed
1717 1505 1840 1576 nisi
1882 1504 2114 1600 pingui
2151 1502 2294 1574 solo
2333 1501 2483 1574 talis
2525 1501 2785 1574 cultura
2817 1502 2926 1572 de·

800 1624 1073 1706 generat
1106 1611 1177 1678 in
1210 1607 1604 1680 labruscam.

904 1716 1193 1786 Arbusta
1236 1717 1409 1784 arari
1458 1739 1658 1812 quam
1703 1714 2014 1786 altissime
2053 1714 2465 1802 desiderant,
2503 1714 2628 1784 etsi
2671 1727 2924 1784 tantum

801 1821 1120 1892 frumenti
1162 1822 1331 1892 ratio
1366 1845 1501 1892 non
1534 1808 1800 1918 exigit³⁸
1807 1823 2232 1918 .Pampinari
2257 1846 2338 1891 ea
2373 1845 2514 1890 non
2549 1834 2655 1890 est
2685 1821 2923 1890 moris:

798 1943 869 2000 et
892 1929 1023 2000 hoc
1058 1927 1526 2059 compendium
1568 1953 1807 2026 operoe.
1849 1931 2280 2024 Deputantnr
2315 1951 2470 1998 cum
2509 1927 2650 1996 vite
2683 1927 2924 2022 pariter

800 2032 1188 2106 interlucata
1222 2033 1249 2072 ⁹
1303 2033 1628 2106 densitate
1675 2059 2016 2106 ramorum
2062 2035 2176 2130 qui
2215 2034 2350 2104 sint
2381 2033 2820 2128 supervacui,
2861 2045 2924 2100 et

800 2141 1153 2211 absumant
1214 2139 1545 2212 alimenta.
1615 2129 1920 2236 Plagas⁴⁰
1971 2139 2059 2210 ad
2095 2140 2624 2236 septemtriones,
2681 2152 2800 2208 aut
2843 2135 2922 2206 ad

800 2247 1142 2317 meridiem
1184 2262 1485 2342 spectare
1512 2249 1889 2317 vetuimus.
1917 2245 2186 2332 melius,
2217 2248 2270 2316 si
2305 2269 2522 2340 neque
2552 2247 2626 2314 in
2655 2267 2921 2314 ocoesus

802 2352 971 2422 solis.
1018 2354 1153 2422 Diu
1195 2350 1423 2422 dolent
1461 2351 1618 2422 talia
1661 2377 1927 2450 quoque
1963 2297 2282 2435 hulceia‚
2321 2365 2391 2420 et
2429 2349 2700 2422 difficile
2757 2374 2922 2420 sane·

802 2473 1035 2542 scunt,
1072 2457 1355 2552 algendo
1380 2459 1604 2546 nimis,
1649 2458 2095 2530 aestuandove.
2129 2457 2286 2528 Non
2311 2443 2608 2528 eadem⁴¹
2645 2457 2720 2526 in
2761 2459 2888 2526 vite
2903 2507 2922 2542 ‚

798 2590 947 2661 quae
982 2566 1049 2633 in
1086 2563 1413 2653 arbustis,
1457 2563 1778 2636 libertas:
1824 2552 2202 2662 quoniam⁴³
2239 2578 2419 2635 certa
2462 2561 2671 2634 latera
2713 2578 2813 2633 est
2843 2561 2924 2633 fa·

882 2799 977 2853 36.
1036 2798 1334 2851 Vas-minis.
1401 2798 1483 2851 Ita
1534 2796 1690 2852 MSS.
1742 2797 1822 2852 At

800 2878 993 2933 rectius
1012 2878 1191 2933 forsan
1227 2878 1532 2941 Tuo-meinis,
1576 2878 1646 2931 ab
1685 2878 1822 2931 urbe

798 2957 1118 3023 Tarracina,
1136 2955 1207 3010 de
1228 2956 1446 3029 qualib.
1467 2957 1552 3011 111
1581 2956 1640 3010 in
1676 2956 1822 3010 Geo-

798 3038 1107 3131 graphicis.
1148 3036 1231 3090 vel
1268 3037 1565 3091 Mare-acinis
1615 3036 1822 3129 potius.

800 3118 855 3171 in
888 3130 1075 3190 quarta
1108 3117 1271 3171 Italia
1289 3116 1507 3186 regione
1534 3116 1738 3209 positis,
1763 3117 1822 3169 in

799 3216 907 3270 qua
924 3211 977 3251 et
998 3196 1316 3253 Carseolani.
1344 3198 1427 3249 De
1444 3188 1684 3267 utrisque
1707 3195 1822 3267 egi·

802 3296 921 3331 mus
942 3278 1035 3331 lib.
1066 3278 1189 3339 111,
1216 3294 1333 3347 cap.
1360 3294 1452 3347 ¹7·
1480 3272 1660 3329 Ham).

885 3357 982 3425 37.
1009 3358 1073 3409 In
1106 3356 1416 3410 carseolano.
1458 3354 1733 3409 Broterius
1755 3372 1822 3408 ex

802 3434 953 3489 Mss.
985 3438 1150 3507 Regg.
1172 3448 1225 3489 et
1260 3434 1495 3489 editione
1540 3434 1784 3507 principe
1801 3471 1818 3498 ‚

806 3514 1095 3568 Carsulano.
1124 3516 1231 3569 En.

884 3594 979 3648 38.
1024 3594 1139 3645 Em·
1193 3606 1375 3646 tanturn
1418 3594 1656 3660 frumenti
1695 3595 1824 3647 mta'o

800 3692 897 3727 non
950 3676 1119 3743 asigie.
1162 3673 1459 3744 Antiquum
1504 3673 1818 3744 exemplar:

806 3754 1015 3807 -Tanta
1029 3753 1125 3807 etsi
1145 3751 1403 3805 frumenti
1424 3752 1681 3805 rationem
1710 3770 1821 3805 non

800 3833 979 3905 exigit.
1010 3858 1033 3881 ιι
1062 3832 1267 3899 Scribo,
1282 3832 1543 3885 :Tametsi
1568 3830 1823 3885 frumenti

798 3914 937 3967 ratio
978 3931 1088 3967 non
1136 3911 1314 3983 exigit.
1344 3938 1366 3961 ι
1398 3912 1562 3965 Pur.
1603 3940 1684 3953 —-·
1707 3912 1823 3963 Em·

798 4005 1003 4047 tantum.
1030 3993 1146 4047 Etsi
1160 3993 1513 4055 frumentum,
1526 4008 1638 4061 quo
1651 3990 1819 4043 inter·

795 4073 1006 4139 seritur,
1016 4086 1125 4129 tam
1144 4072 1251 4126 alte
1268 4072 1409 4126 arari
1434 4088 1543 4123 non
1564 4069 1817 4140 poenulat.

794 4152 977 4207 Han).
1000 4184 1079 4199 --
1128 4152 1407 4208 neoterius
1450 4162 1571 4221 post
1623 4149 1820 4203 Pintia·

1903 2816 2034 2851 num
2051 2838 2067 2862 ,
2118 2800 2306 2849 tametsi
2335 2797 2576 2863 frumenti
2624 2798 2774 2848 tutio.
2818 2794 2918 2845 En.

1987 2878 2080 2947 39.
2110 2877 2425 2929 [amineam.
2457 2874 2714 2929 Pru-cinis
2739 2873 2922 2937 ramis,

1903 2956 2000 3029 qui
2032 2956 2106 3009 ob
2129 2955 2352 3009 nimiam
2377 2954 2696 3009 densitatem
2731 2952 2914 3007 lumini

1903 3036 2166 3089 officiunt.
2210 3038 2293 3089 De
2321 3053 2383 3089 ea
2409 3050 2542 3088 voce
2573 3032 2784 3105 egimus
2809 3049 2919 3102 cap.

1911 3134 1998 3185 19.
2026 3114 2211 3168 Eun.

1989 3200 2078 3259 40.
2132 3195 2322 3265 Ρῶμε
2344 3234 2360 3248 .
2380 3233 2395 3248 .
2421 3232 2438 3246 .
2463 3196 2726 3246 anteimus.
2779 3190 2920 3243 Libri

1903 3274 2064 3347 hujus
2110 3290 2226 3345 cap.
2267 3276 2368 3327 16:
2413 3295 2438 3319 ι
2467 3273 2722 3344 Plerique
2745 3270 2802 3325 id
2839 3268 2922 3323 de-

1905 3372 2054 3407 mum
2103 3364 2322 3420 cavent,
2371 3364 2434 3407 nt
2481 3353 2642 3425 plaga
2689 3349 2922 3422 deputati

1903 3432 2196 3489 cacumini·
2221 3430 2500 3486 meridiem
2529 3444 2766 3502 spectet,
2795 3430 2923 3501 igna-

1903 3514 1954 3567 ri
1974 3512 2175 3566 {insui-is
2193 3512 2350 3565 nimii
2373 3512 2592 3583 vaporis
2613 3510 2838 3584 opponi.
2863 3506 2922 3559 ld

1904 3591 2122 3665 quidem
2143 3592 2200 3645 in
2226 3592 2415 3645 hot-am
2437 3590 2546 3645 diei
2573 3591 2820 3663 quintam
2841 3587 2920 3641 vel

1905 3686 2140 3727 octavam
2166 3684 2402 3743 spectare
2429 3670 2734 3725 maluerim.
2755 3665 2924 3721 „Vide

1905 3764 1960 3807 et
1977 3770 2094 3823 cap.
2117 3771 2174 3823 7.
2197 3752 2380 3805 Han).

1991 3838 2086 3897 6¹·
2111 3833 2230 3885 Non
2251 3830 2418 3883 adn·
2449 3832 2502 3881 in
2523 3832 2646 3883 mite.
2675 3828 2924 3892 Invinea,

1906 3910 2016 3965 sive
2039 3909 2263 3982 pedata,
2287 3910 2400 3965 sive
2427 3926 2528 3981 pea-
2551 3926 2610 3962 σο
2629 3920 2820 3963 stante.
2859 3906 2922 3961 Η.

1985 3996 2081 4054 ⁴²·
2125 3991 2368 4061 Quoniam
2387 3998 2519 4042 urta
2556 3990 2732 4041 laun.
2777 3988 2922 4079 Quo·

1905 4070 2050 4123 niam
2101 4070 2396 4123 infirmiora
2435 4067 2632 4121 vitium
2667 4069 2830 4122 latera
2869 4066 2920 4117 in

1906 4148 2134 4203 arbustis
2171 4148 2326 4203 facile
2359 4160 2440 4203 est
2489 4146 2846 4212 abscondere,
2871 4156 2922 4197 et
