3150 5150
994 555 1301 622 LIBER
1364 555 1529 621 XX.
2189 553 2320 622 601

198 709 357 781 pura
396 683 623 755 luceat
658 670 1004 766 flamma³¹‚
1028 699 1097 754 et
1116 700 1191 753 ut
1221 687 1618 755 exstinctum
1647 685 1914 756 demum
1947 684 2160 756 oleat:
2187 713 2334 782 quae

198 795 261 860 in
288 792 519 862 fiicato
554 817 689 862 non
726 793 1059 860 eveniunt.
1100 791 1503 861 Accenditur
1542 815 1810 886 quoque
1856 792 2222 880 difficilius,
2267 811 2335 863 et

202 897 431 968 crebro
460 900 921 993 exstinguitur.
952 900 1069 968 Est
1102 899 1338 968 sinceri
1374 900 1898 992 experimentum
1934 914 1998 968 et
2025 901 2092 967 in
2122 923 2294 994 aqua
2313 955 2334 987 ,

202 1005 515 1098 quoniam
530 991 580 1030 ³²
620 1006 687 1073 in
722 1003 947 1074 nubila
987 1006 1241 1073 innatat
1273 1030 1287 1072 :
1320 1003 1551 1073 fictum
1587 1007 1656 1074 in
1693 1004 1987 1100 pustulas
2015 1008 2172 1075 coit.
2201 1007 2333 1075 Sed

204 1113 481 1180 maxime
528 1113 809 1197 mirum,
860 1113 1089 1180 aestivo
1128 1109 1263 1180 sole
1304 1110 1732 1204 deprehendi.
1776 1114 2118 1181 Sincerum
2157 1115 2332 1182 enim

206 1216 427 1302 sudat,
468 1231 539 1288 et
580 1243 648 1286 se
688 1215 925 1301 diluit‚·
956 1217 1170 1286 donec
1204 1241 1408 1300 succo
1439 1220 1690 1286 recenti
1731 1218 1941 1288 simile
1967 1218 2102 1309 fiat.
2141 1221 2332 1288 Mne·

207 1324 367 1391 sides
398 1325 653 1419 optime
682 1324 931 1394 servari
957 1337 1149 1418 putat
1182 1323 1564 1416 hyoscyami
1605 1326 1854 1394 semine
1885 1325 2144 1419 adjecto
2179 1350 2194 1392 :
2227 1324 2335 1394 alii

210 1429 273 1496 in
312 1429 485 1498 faba.

306 1537 657 1604 LXXVII.
704 1531 917 1626 (χιιι.)
958 1539 1143 1604 Inter
1186 1537 1397 1605 sativa
1426 1550 1492 1604 et
1522 1535 1845 1606 silvestria
1881 1537 2173 1607 medium
2213 1563 2334 1633 ge·
2378 1563 2400 1595 ι

213 1665 359 1726 nus,
390 1645 711 1736 quoniam
738 1644 803 1710 in
833 1644 1007 1712 arvis
1026 1641 1069 1728 ¹,
1098 1641 1211 1711 sed
1240 1656 1475 1737 sponte
1500 1658 1906 1730 nasceretur,
1939 1644 2195 1714 rhoeam
2221 1669 2340 1714 vo-

213 1746 525 1817 cavimus²
558 1764 624 1817 et
645 1749 1018 1818 erraticum.
1047 1746 1335 1838 Quidam
1364 1747 1430 1817 id
1452 1747 1840 1844 decerptum
1863 1752 2165 1844 protinus
2185 1775 2338 1819 cum

216 1868 345 1922 toto
381 1854 609 1949 calyce
653 1855 995 1924 mandunt.
1036 1853 1276 1924 Alvum
1303 1839 1325 1876 ³
1377 1856 1765 1924 exinaniunt
1796 1859 2008 1952 capita
2047 1859 2341 1952 quinque

216 1958 475 2030 decocta
518 1963 587 2029 in
620 1963 754 2030 vini
796 1962 1003 2030 tribus
1040 1961 1323 2030 heminis
1360 1976 1553 2055 pota,
1588 1977 1656 2032 et
1681 1987 1988 2032 somnum
2027 1964 2301 2034 faciunt.

312 2070 699 2139 LXXVIII.
736 2064 1176 2136 Silvestrium‘
1207 2089 1412 2134 unum
1446 2093 1683 2162 genus,
1713 2071 2014 2138 ceratitin
2057 2085 2336 2158 vocant,
2377 2100 2400 2134 ι

218 2289 469 2356 uem-2153
486 2325 505 2350 ‚
534 2287 710 2359 inquit
742 2289 916 2341 Diosc.
950 2287 1053 2340 loc.
1088 2286 1232 2340 citat.
1315 2287 1494 2356 κριθαῖς
1513 2326 1529 2349 ,
1554 2288 1783 2340 maxime
1817 2288 1960 2340 inter
1989 2285 2189 2340 hordea
2217 2306 2337 2360 quae

290 2367 379 2419 31.
428 2367 575 2420 Mox.
626 2367 750 2421 Hoec
801 2367 981 2420 omnia
1034 2366 1234 2437 pariter
1316 2365 1509 2418 cibaria
1537 2379 1662 2419 sunt
1695 2379 1750 2419 et
1783 2367 1987 2420 sativa:
2029 2365 2124 2420 scd
2165 2368 2338 2438 ipsum

218 2444 379 2499 Dione.
408 2446 513 2500 loc.
537 2448 627 2501 cit.
650 2447 833 2501 Ham.
1317 2457 1491 2499 tamen
1519 2447 1664 2498 inter
1700 2447 1790 2498 illa
1821 2459 2014 2516 sponte
2033 2485 2050 2511 ,
2089 2467 2196 2500 non
2223 2460 2340 2500 satu

290 2525 376 2581 32.
416 2527 679 2596 Quoniam.
724 2526 989 2593 Quoniam
1032 2525 1089 2579 in
1130 2545 1234 2580 nu·
1317 2525 1566 2598 provenit
1616 2544 1630 2578 ε
1673 2525 1874 2581 idcirco
1915 2525 2077 2581 medii
2136 2527 2344 2598 generis

220 2604 357 2657 bium
382 2626 592 2660 morem
615 2626 855 2678 spanum
891 2605 1143 2673 diluitur,
1183 2621 1235 2660 et
1318 2618 1580 2659 censetur.
1614 2604 1795 2661 Han.

222 2682 269 2735 in
294 2702 423 2757 aqna
451 2687 655 2743 innatat
682 2705 697 2739 :
722 2685 1077 2740 adulteratum
1106 2706 1235 2739 con·
1402 2704 1455 2739 α.
1474 2686 1674 2737 ΙίΙιααπι
1694 2690 1994 2748 vocavimus,
2022 2700 2122 2740 etc.
2149 2686 2341 2739 Rhoea-

222 2775 292 2815 tra
313 2764 365 2817 in
394 2785 615 2837 grumos
646 2766 775 2826 coit,
804 2766 965 2819 instar
994 2766 1233 2837 pustula·
1317 2764 1441 2819 dem
1461 2766 1597 2837 εροιὰ
1608 2767 1808 2819 malum
1824 2765 2084 2819 Punicum
2099 2780 2195 2831 est,
2209 2765 2343 2835 ῥοιὰς

222 2862 345 2895 rum.
379 2847 555 2899 Diosc.
598 2846 697 2899 loc.
731 2846 824 2899 cit.
869 2872 891 2894 ι
912 2845 1234 2899 praestantis·
1316 2862 1568 2916 papaver.
1625 2848 1828 2899 Damio.
1857 2878 1937 2889 --
1965 2847 2178 2899 mamam.
2221 2846 2340 2897 Lib.

224 2924 373 2976 simus
396 2939 477 2979 est
509 2966 523 2979 .
540 2964 554 2979 .
572 2964 586 2979 .
618 2926 711 2997 qni
740 2926 893 2978 facile
912 2944 1046 2997 aqua
1072 2925 1233 2978 dilui·
1317 2926 1480 2987 XIX,
1506 2926 1600 2991 53,
1628 2938 1742 2979 not.
1768 2946 1830 2994 9,
1850 2944 1973 2996 sup.
2002 2931 2134 2994 449.
2160 2924 2338 2977 Ηηω.

226 3014 329 3055 tur.
363 3043 377 3056 .
397 3045 411 3058 .
453 3023 637 3076 neque
674 3025 855 3077 asper,
894 3024 1067 3076 neque
1106 3023 1233 3076 gru·
1318 3038 1396 3047 ——
1425 3004 1650 3075 Papauer
1665 3006 1856 3057 Rhoeas.
1879 3004 1982 3056 En.

226 3099 421 3136 monus:
466 3086 713 3156 Κράτιςος
752 3081 813 3139 δι’
847 3087 946 3157 desp
982 3086 1099 3145 ὀπὸς
1148 3123 1160 3135 .
1182 3124 1195 3135 .
1217 3124 1232 3136 .
1403 3084 1457 3137 3.
1506 3086 1706 3137 Alvum·
1753 3084 1918 3137 Paulo
1964 3082 2118 3136 aliter
2158 3083 2337 3136 Diosc.

228 3162 408 3232 εὐχερῶς
427 3159 672 3235 &napheg
689 3160 842 3217 ὕδατι
944 3166 996 3217 οὐ
1017 3164 1196 3235 τραχὺς
1216 3202 1234 3230 ‚
1315 3164 1421 3227 IV,
1452 3166 1543 3227 64.
1588 3164 1677 3217 Ait
1705 3163 1848 3217 enim
1892 3162 2068 3234 capita
2109 3180 2342 3233 papave-

229 3242 323 3295 οὔτε
338 3240 888 3314 θρομῧοιιδὴς,οιο.1ῑει
900 3262 1065 3315 porro
1080 3244 1234 3298 MSS.
1317 3261 1437 3295 rum
1471 3242 1636 3314 quina
1661 3243 1746 3296 vel
1783 3260 1936 3299 sena.
1982 3242 2038 3294 in
2078 3243 2187 3295 vini
2218 3260 2342 3313 cyn-

229 3338 394 3373 omnes
412 3342 427 3377 z
448 3324 569 3375 aliis
596 3325 761 3395 magia
785 3325 985 3393 placet,
1011 3329 1233 3397 quoniam
1318 3323 1426 3377 this
1452 3323 1626 3377 tribus
1651 3320 1868 3377 decocta
1885 3361 1902 3387 ,
1939 3320 2072 3375 dum
2103 3320 2169 3375 ad
2206 3320 2342 3374 duos

231 3402 274 3448 in
297 3402 521 3456 nubecula
546 3423 568 3455 .·
594 3422 698 3475 qua
718 3404 887 3456 forma
920 3402 1125 3456 dictum
1154 3416 1234 3457 est
1316 3403 1535 3457 redeant
1552 3444 1565 3465 ,
1613 3420 1862 3455 somnum
1899 3414 2025 3473 pota
2051 3400 2339 3455 inducere:

230 3479 287 3530 ib
326 3482 511 3536 eodem
547 3482 756 3547 Plinio,
802 3483 1071 3550 XXVIII,
1132 3502 1233 3554 19,
1316 3502 1493 3537 semen
1524 3496 1702 3535 autem
1732 3481 1987 3535 acetabuli
2012 3500 2253 3535 mensura
2279 3500 2344 3535 ex

230 3556 291 3609 de
316 3562 462 3615 urina
495 3581 508 3613 :
540 3562 741 3627 «Mala,
774 3563 905 3615 etin
936 3582 1039 3635 qua
1069 3564 1233 3617 veluti
1323 3581 1459 3635 aqua
1486 3561 1660 3615 mulsa
1696 3574 1915 3632 potum,
1955 3561 2132 3614 alvum
2155 3561 2349 3615 leniter

230 3637 443 3694 furfures
488 3653 541 3694 et
570 3642 849 3695 nubecula
894 3657 1173 3714 apparent.
1207 3671 1227 3691 ι
1323 3642 1578 3697 emollire.
1613 3640 1968 3711 Theophrast.
2012 3640 2211 3695 Hister.
2247 3642 2348 3694 lib.

232 3717 393 3773 Iliun.
1322 3725 1403 3777 lx
1419 3762 1435 3789 ‚
1458 3741 1574 3793 cap.
1607 3740 1630 3775 1
1645 3722 1675 3775 3
1693 3761 1708 3785 ,
1737 3722 1843 3775 hoc
1865 3734 2068 3777 tantum
2084 3759 2103 3784 ,
2124 3722 2346 3790 καταίρει

299 3798 573 3853 LXXVII.
626 3818 675 3855 1.
722 3802 962 3870 Quoniam
1002 3806 1053 3855 ἰη
1085 3809 1231 3856 arvis.
1321 3800 1381 3856 δὲ
1412 3805 1569 3856 κάτω.
1595 3800 1776 3856 Ham.

234 3876 369 3931 Ratio
388 3881 481 3933 illa
496 3893 574 3933 est
590 3919 608 3947 ‚
637 3880 787 3953 quod
810 3881 1047 3935 medium
1068 3903 1232 3954 genus
1402 3883 1710 3937 LXXVIII.
1769 3898 1820 3933 1.
1867 3880 2178 3933 Sa'lvesm'um.
2220 3879 2344 3931 Hoec

234 3972 506 4023 censeatur,
542 3979 651 4013 non
693 3960 840 4028 quod
880 3962 1051 4016 rhoeas
1079 3981 1233 4017 voce·
1322 3961 1542 4017 totidem
1565 3958 2344 4030 verbisTheophr.1.c.Mvim·

238 4046 329 4088 tur.
356 4039 495 4092 Vide
522 4040 616 4093 lib.
658 4040 791 4093 XIX
807 4081 823 4105 ,
864 4060 981 4111 cap.
1014 4046 1064 4097 8.
1093 4045 1233 4096 Du..
1320 4064 1395 4104 νις
1415 4039 1467 4095 δ’
1488 4042 1606 4095 dciv
1631 4043 1794 4111 ἄγριαι
1813 4040 2021 4099 πλείους·
2039 4040 2072 4095 ’ἡ
2093 4039 2175 4107 μὲν
2200 4056 2343 4107 iupa·

238 4144 305 4154 —
325 4118 939 4191 Quoniam.'1'heophrast.
970 4122 1104 4175 Hist.
1123 4124 1231 4185 IX,
1318 4126 1443 4183 τῖτις
1469 4123 1739 4191 καλουμένη
1759 4160 1776 4185 ,
1801 4121 1834 4175 ἢ
1861 4114 1920 4170 δὲ
1940 4120 2174 4188 μέλαινα.
2197 4116 2344 4187 lego,

248 4196 303 4247 13
322 4214 332 4248 ε
350 4186 411 4251 Ἑν
435 4202 541 4260 ταῖς
573 4202 821 4271 ἀρούραις,
841 4204 1029 4271 μάλιςα
1057 4205 1103 4255 ἐν
1124 4208 1233 4265 ταῖς
1322 4206 1353 4259 ἢ
1383 4204 1467 4257 καὶ
1495 4203 1721 4272 μέλαινα.
1755 4198 2018 4267 papaver.
2059 4210 2115 4249 ut
2149 4216 2347 4257 remur,
