3150 5150
896 519 1035 610 ²74
1428 518 1505 581 c.
1560 514 1889 581 PLlNll
1941 514 2168 582 NAT.
2222 512 2481 581 msT.

893 672 1089 718 omne
1124 644 1511 715 miraculum
1550 645 1746 738 riguo
1768 644 1951 713 solo:
1981 648 2186 715 ternis
2228 647 2366 714 fere
2397 644 2683 714 millibus
2710 669 2992 739 passuum

893 759 962 824 in
990 777 1258 823 omnem
1292 765 1549 846 partem
1587 750 1739 820 fons
1771 751 2097 840 abundat,
2129 750 2351 847 largus
2382 752 2686 846 quidem,
2723 752 2836 821 sed
2869 777 2994 822 cer·

893 865 976 929 tis
1018 861 1339 930 horarum
1393 859 1622 953 spatiis
1659 856 2082 953 dispensatur
2118 862 2293 928 inter
2333 857 2600 927 incolas.
2649 857 2886 927 Palmae
2922 860 2993 927 ibi

892 964 1261 1060 praegrandi
1290 964 1599 1033 subditur
1625 963 1803 1045 olea,
1835 964 1991 1035 huic
2019 965 2187 1036 ficus
2206 1020 2226 1052 ,
2251 965 2380 1035 fico
2409 966 2688 1049 panim,
2712 964 2803 1033 illi
2835 967 2990 1034 vitis:

892 1073 1016 1142 sub
1055 1073 1191 1141 vite
1233 1073 1476 1140 seritur
1507 1070 1917 1140 frumentum
1943 1124 1963 1157 ,
1998 1098 2155 1141 mox
2193 1072 2499 1166 legumen
2518 1123 2538 1153 ,
2569 1071 2811 1141 deinde
2836 1070 2993 1150 olus,

892 1179 1115 1248 omnia
1181 1177 1414 1247 eodem
1475 1201 1692 1264 ann03
1756 1180 2113 1274 omniaque
2169 1178 2382 1248 aliena
2440 1178 2678 1247 umbra
2737 1177 2989 1246 aluntur.

828 1317 852 1347 2
893 1282 1274 1374 Quaterna²
1308 1283 1533 1352 cubita
1571 1283 1716 1376 ejus
1753 1282 1929 1353 soli
1911 1310 1980 1353 in
2017 1285 2451 1379 quadratum,
2493 1309 2618 1354 nec
2659 1299 2736 1352 ut
2778 1308 2818 1351 a
2866 1309 2990 1378 por·

894 1393 1088 1460 rectis
1113 1391 1473 1458 metiantur
1497 1388 1753 1484 digitis,
1777 1390 1935 1459 sed
1917 1416 1985 1459 m
2012 1417 2316 1512 pugnum
2352 1393 2986 1485 contractisquater·

893 1501 995 1566 nis
1020 1481 1330 1565 denariis³
1351 1494 1864 1565 venumdantur.
1881 1499 2097 1594 Super
2118 1503 2343 1568 omnia
2370 1514 2505 1585 est,
2525 1498 2802 1567 biferam
2821 1498 2987 1565 vitem

895 1605 991 1672 bis
1026 1626 1206 1671 anno
1237 1601 1661 1671 vindemiare.
1715 1604 1800 1671 Et
1835 1606 1959 1674 nisi
1999 1604 2346 1701 multiplici
2382 1620 2580 1700 partu
2616 1605 2988 1673 exinaniatm

894 1709 1193 1790 ubertas,
1234 1722 1518 1802 pereunt
1555 1706 1816 1778 luxuria
1854 1710 2094 1805 singuli
2133 1712 2409 1781 fructus.
2452 1714 2653 1780 Nunc
2689 1735 2842 1779 vero
2875 1722 2986 1777 toto

893 1840 1069 1884 anno
1106 1816 1377 1882 metitur
1406 1812 1691 1906 aliquid;
1724 1832 2117 1911 constatque
2153 1816 2470 1887 fertilitati
2509 1842 2646 1886 non
2681 1839 2988 1885 occurrere

893 1921 1214 1990 homines.
1255 1926 1595 2014 Aquarum
1632 1945 1906 2039 quoque
1935 1922 2311 1992 differentia
2356 1947 2600 2018 magna
2643 1924 2855 2016 riguis.
2894 1924 2985 1989 Est

893 2029 978 2112 in„
1001 2026 1417 2096 Narbonensi
1456 2028 1798 2120 provincia
1847 2028 2088 2098 nobilis
2134 2029 2317 2115 fons,
2354 2032 2536 2125 Orge
2575 2029 2834 2098 nomine
2871 2040 2983 2095 est:

896 2133 970 2202 in
988 2159 1067 2202 eo
1088 2132 1311 2201 herbae
1340 2147 1701 2201 nascuntur
1726 2135 2072 2204 intantum
2096 2138 2400 2231 expetitae
2428 2136 2687 2218 bubus,
2708 2149 2781 2203 ut
2797 2133 2983 2201 mersis

870 2226 1266 2335 capitibus⁴
1300 2240 1456 2307 totis
1499 2263 1611 2307 eas
1646 2255 1964 2333 quaerant.
2005 2241 2134 2310 Sed
2170 2242 2312 2311 illas
2362 2244 2430 2311 in
2468 2265 2642 2337 aqua
2691 2252 2986 2309 nascentes

895 2360 1147 2417 certum
1175 2359 1311 2430 est,
1339 2370 1475 2413 non
1504 2346 1628 2413 nisi
1663 2346 1987 2417 imbribus
2018 2346 2126 2416 ali.
2160 2351 2341 2444 Ergo
2374 2372 2561 2417 suam
2594 2347 2860 2443 quisque
2883 2359 2983 2412 ter-

899 2477 1041 2522 ram
1076 2475 1448 2546 aquamque
1483 2452 1761 2521 noverit.

836 2584 854 2617 1
959 2556 975 2567 ’
1004 2559 1153 2627 L11.
1201 2550 1477 2645 (xxiii.)
1514 2557 1583 2625 Si
1637 2556 1839 2626 fuerit
1871 2556 1981 2628 illa
2023 2577 2235 2650 terra,
2271 2586 2468 2656 quam
2492 2558 2510 2584 ¹
2554 2557 2985 2657 appellavimus

900 2680 1232 2747 teneram,
1268 2663 1514 2756 poterit
1550 2661 1812 2734 sublato
1849 2663 2105 2737 hordeo
2141 2667 2400 2737 milium
2432 2669 2602 2737 seri:
2646 2693 2726 2737 eo
2759 2661 2982 2736 condito

901 2796 1096 2865 rapa:
1135 2771 1246 2842 his»
1269 2767 1541 2838 sublatis
1564 2823 1584 2856 ,
1617 2769 1974 2858 hordeum,
2009 2773 2112 2845 vel
2144 2776 2433 2846 triticum
2453 2826 2474 2858 ,
2515 2776 2689 2845 sicut
2723 2775 2788 2842 in
2820 2773 2986 2841 Cam-

905 2879 1141 2974 pania;
1186 2876 1474 2970 satisque
1525 2875 1675 2944 talis
1730 2891 1908 2947 terra
1967 2897 2226 2969 aratur,
2274 2904 2483 2975 quum
2535 2883 2789 2950 seritur.
2840 2873 2985 2944 Alius

900 2982 1099 3069 ordo,
1132 2997 1205 3051 ut
1238 2983 1349 3051 ubi
1385 2982 1703 3051 adoreum
1740 2982 1976 3071 fuerit,
2005 3003 2214 3057 cesset
2249 3001 2536 3081 quatuor
2570 2984 2886 3056 mensibus
2909 2979 2986 3047 hi·

901 3090 1158 3176 bernis,
1192 3104 1260 3157 et
1296 3113 1567 3159 vernam
1612 3089 1832 3159 fabam
1871 3093 2171 3188 recipiat,
2216 3096 2307 3162 ita
2341 3108 2418 3163 ut
2445 3092 2641 3162 ante²
2689 3086 2986 3162 hiemalem

906 3290 1161 3350 perpetuo
1182 3276 1238 3328 in
1257 3275 1549 3347 Tacapensi
1567 3276 1762 3329 Africa
1783 3293 1931 3346 agro,
2019 3279 2073 3331 in
2107 3279 2517 3332 Sebusinnorum
2559 3278 2790 3349 piscinis.
2828 3275 2988 3326 Dii-nc.

903 3358 1103 3428 dequo
1129 3355 1282 3426 plura
1304 3356 1470 3409 alias.
1494 3374 1553 3410 en
1597 3368 1673 3408 est
1700 3356 1798 3409 soli
1825 3356 1928 3408 ser·
2096 3358 2216 3412 Ln.
2274 3376 2324 3411 ι.
2373 3358 2534 3430 Quam
2580 3358 2900 3429 appellavi-us
2942 3362 2990 3399 ee·

908 3437 1123 3490 tilitas.
1161 3437 1365 3488 Daue.
2015 3457 2194 3491 aeram.
2220 3439 2379 3493 Conf.
2404 3457 2562 3510 supra
2587 3438 2684 3491 lib.
2710 3434 2876 3493 xvn,
2899 3446 2988 3498 οφ·

993 3535 1041 3569 3.
1078 3516 1333 3585 Quales-na
1371 3515 1548 3567 cubita.
1579 3515 1747 3568 Petita
1778 3535 1927 3569 men·
2019 3517 2074 3572 3.
2097 3516 2278 3572 Hum.

908 3612 1028 3649 sum
1054 3613 1115 3646 ex
1139 3594 1371 3647 hominis
1409 3593 1690 3648 vendentis
1715 3597 1926 3662 cubitu,
2101 3615 2154 3650 3.
2206 3600 2288 3651 Ita
2328 3610 2382 3650 ne
2419 3612 2534 3651 ante
2559 3597 2816 3649 hemena.
2859 3593 2923 3643 Ita
2945 3599 2989 3639 nt

908 3693 969 3727 ac
992 3691 1062 3726 ne
1090 3674 1351 3743 porrectis
1376 3672 1593 3744 quidem
1613 3674 1815 3747 digitis,
1834 3675 1926 3729 sed
2013 3690 2135 3730 ante
2154 3677 2397 3732 hiemalis
2416 3679 2549 3732 fabe
2587 3686 2889 3748 proventum
2912 3666 2989 3719 du·

904 3752 1094 3807 iisdem
1122 3753 1178 3804 in
1208 3770 1445 3823 pugnum
1485 3757 1788 3811 contractis.
1817 3757 1886 3810 Η.
2012 3771 2109 3811 ret.
2135 3758 2388 3812 Hiemalis
2408 3759 2528 3812 faba
2556 3776 2617 3810 en
2635 3769 2742 3822 est,
2765 3767 2907 3824 quam
2928 3764 2991 3798 ω·

990 3834 1044 3887 3.
1104 3834 1366 3902 Quamuis
1414 3834 1642 3887 denariis.
1697 3835 1763 3889 ld
1820 3849 1927 3900 est,
2014 3837 2196 3907 petius
2236 3836 2405 3903 dixit,
2449 3855 2567 3909 enp-
2619 3843 2724 3901 30,
2765 3831 2860 3886 seri
2896 3838 2990 3880 ⁸¹²oe

910 3926 1133 3966 moneto
1154 3925 1348 3966 nostra
1376 3934 1404 3966 3
1444 3915 1511 3967 fr.
1534 3919 1607 3969 80
1628 3933 1674 3967 c.
1703 3916 1807 3968 Eo.
2016 3917 2662 3986 Vergiliarumoccesum,
2680 3929 2739 3970 ut
2756 3904 2991 3966 mteoedat

988 4000 1040 4057 4.
1083 3993 1152 4045 Ut
1176 3995 1338 4044 mersis
1367 3995 1619 4063 capitibus.
1658 3997 1724 4047 In
1750 3993 1930 4064 Ligeri
2018 3995 2264 4049 hiemem.
2311 3998 2522 4062 Venia,
2571 4014 2727 4068 quam
2777 3986 2988 4058 Virffl‘hffi

906 4091 1087 4137 amne,
1136 4090 1240 4143 qun
1281 4090 1378 4144 per
1421 4074 1733 4127 Vellaunios
1774 4073 1926 4138 fluit,
2016 4076 2118 4127 seri
2144 4077 2294 4146 jubet
2320 4095 2418 4148 per
2444 4095 2569 4141 ver,
2598 4065 2990 4158 circumpadan?

903 4154 1096 4225 passim
1122 4152 1222 4206 hoc
1254 4151 1394 4205 idem
1423 4154 1585 4208 boves
1616 4154 1847 4218 faciunt,
1875 4167 1928 4206 et
2016 4155 2177 4208 ltalia
2208 4157 2334 4209 ritu.
2351 4187 2429 4197 —
2451 4158 2529 4209 Ita
2559 4168 2630 4210 m.
2650 4156 2735 4209 sic
2759 4147 2989 4215 rescripssl·
