3150 5150
1024 599 1326 668 LIBER
1368 601 1627 670 xv11.
2348 625 2397 696 9

271 727 542 826 urgente
587 731 825 800 umbra
867 715 1044 800 sua³‘
1063 784 1083 817 ,
1119 755 1242 800 nec
1285 732 1643 826 adjuvante
1699 733 2025 802 medicina
2068 759 2083 800 :
2128 734 2395 828 quando

273 839 510 907 vestire
537 852 802 909 teneras
837 839 1086 907 intorto
1136 852 1500 908 stramento
1539 841 1608 907 in
1656 837 2063 908 silvestribus
2102 864 2239 909 non
2274 855 2393 910 est.

269 947 448 1039 Ergo
463 945 879 1038 tempestivae
891 929 943 968 ³²
959 967 1145 1038 aquae
1164 944 1458 1014 hibernis
1473 946 1760 1040 primum
1783 945 2131 1031 imbribuS‚
2158 945 2395 1016 deinde
2432 957 2467 1004 6

267 1051 816 1145 germinationem
845 1049 1404 1122 antecedentibus.
1433 1053 1733 1122 Tertium
1762 1066 2022 1146 tempus
2044 1066 2167 1138 est,
2187 1073 2396 1146 quum

267 1155 552 1226 educant
587 1179 832 1251 poma-t
875 1179 999 1226 nee
1033 1158 1396 1250 protinus‚‘
1421 1157 1536 1226 sed
1571 1157 1711 1251 jam
1760 1155 1981 1227 valido
2030 1158 2189 1227 fetu.
2228 1160 2397 1248 Quae

268 1263 524 1332 fructus
575 1287 732 1332 suos
780 1261 1026 1332 diutius
1078 1265 1458 1347 continent,
1511 1262 1973 1358 longioresque
2025 1263 2399 1335 desiderant

270 1354 549 1455 cib0s³³‚
581 1368 692 1438 his
727 1383 794 1438 et
828 1370 1130 1438 serotinae
1157 1393 1342 1464 aquae
1378 1369 1607 1457 utiles3
1630 1375 1711 1438 ‘ut
1728 1372 1882 1456 viti,
1908 1369 2099 1454 oleae,
2123 1371 2396 1465 punicis,

271 1478 388 1544 11ae
407 1475 550 1567 jam
589 1473 830 1569 pluviae
869 1477 1127 1570 generis
1157 1476 1474 1570 cujusque
1509 1476 1857 1546 arboribus
1892 1476 2157 1546 diverso
2198 1477 2399 1546 modo

271 1579 749 1667 desiderantur,
774 1579 918 1651 aliis
943 1579 1074 1650 alio
1104 1591 1402 1677 tempore
1429 1582 1929 1652 maturantibus.
1972 1583 2399 1678 Quapropter
2436 1617 2469 1668 7

271 1685 518 1756 eisdem
552 1687 876 1757 imbribus
913 1685 1131 1782 aliqua
1170 1686 1316 1758 laedi
1353 1689 1608 1775 videas,
1640 1687 1857 1782 aliqua
1890 1689 2139 1782 juvari,
2202 1691 2402 1760 etiam

273 1795 337 1861 in
363 1792 602 1862 eodem
637 1765 916 1887 genere,
951 1794 1120 1862 sicut
1154 1794 1223 1862 in
1251 1795 1454 1889 piris:
1483 1793 1613 1864 alio
1645 1794 1749 1864 die
1782 1794 2059 1864 hiberna
2100 1810 2408 1889 quaerunt

273 1897 532 1994 pluvias
554 1951 574 1984 ,
619 1897 750 1969 alio
808 1923 970 1968 vero
1023 1902 1346 1994 praecoeia
1377 1954 1396 1988 ‚
1459 1916 1531 1969 ut
1574 1902 1821 1997 pariter
1866 1899 2133 1994 quidem
2180 1903 2399 1970 omnia

272 2004 664 2074 desiderent.
719 2005 1087 2075 Hiber-num
1143 2019 1406 2101 tempus
1461 2021 1563 2076 est
1614 2021 1767 2076 ante
1826 2007 2403 2102 germinationem,

273 2137 415 2206 quae
443 2110 844 2206 Aquilonem
873 2113 1116 2180 Austro
1139 2111 1466 2182 utiliorem
1501 2113 1665 2183 facit
1680 2098 1757 2176 ³⁴.
1792 2114 1989 2180 Ratio
2014 2113 2245 2181 eadem
2273 2139 2407 2184 me-

275 2217 646 2289 diterranea
681 2217 1023 2287 maritimis
1059 2218 1328 2313 praefert
1355 2244 1370 2287 :
1399 2233 1558 2288 sunt
1586 2220 1761 2288 enim
1800 2217 2189 2313 plerumque
2225 2219 2407 2314 frigi·

279 2407 470 2458 ὄπισθεν
505 2413 742 2477 xuni-vs<
780 2408 990 2474 χαλιποὶ
1036 2407 1138 2468 τοῖς
1179 2401 1295 2459 δίν-

278 2480 428 2557 3ρας.
447 2485 730 2556 Theopbr.
752 2485 790 2536 1.
816 2505 864 2538 c..
885 2487 1068 2540 liano.

358 2565 390 2617 3
403 2584 454 2619 1.
497 2564 680 2618 Umbra
703 2586 814 2619 sua.
838 2566 1132 2620 Remorum
1163 2563 1298 2619 den·

277 2645 428 2698 sinte
439 2645 604 2698 solem
619 2643 766 2698 haud
777 2643 1116 2699 admittente:
1132 2663 1300 2716 quum

277 2736 332 2777 et
351 2724 616 2778 silvestres
659 2726 875 2779 arbores
901 2744 1064 2779 nemo
1105 2725 1174 2777 sit
1209 2724 1300 2796 qui

282 2816 455 2868 euret,
505 2822 665 2858 nemo
715 2804 809 2875 qui
861 2805 945 2858 his
983 2802 1262 2857 medeatur
1280 2844 1296 2869 ,

280 2900 436 2935 nemo
475 2884 572 2955 qui
629 2896 920 2937 stramento
943 2923 960 2950 ,
1007 2884 1138 2938 dum
1179 2894 1304 2937 sunt

281 2960 454 3016 adhue
501 2953 732 3028 tedere,
775 2964 1190 3025 circumvestiet,
1239 2974 1302 3016 ut

281 3040 527 3097 defendat
549 3060 580 3093 a
605 3042 822 3115 frigore.
862 3043 1026 3107 Cato,
1045 3062 1160 3115 esp.
1185 3061 1253 3096 xx.
1281 3060 1296 3095 :

289 3147 312 3170 ι
329 3120 641 3175 Sti-amentis
670 3122 1028 3187 circumdato,
1061 3122 1298 3193 alligato·

283 3220 410 3272 que,
432 3220 505 3255 ne
530 3202 656 3274 gelu
683 3215 895 3257 noceat.
918 3228 941 3250 ·
978 3197 1300 3273 Πιριὸοὖντις

284 3284 450 3351 φλοιοῖς
490 3280 576 3333 καὶ
611 3282 884 3352 καλάμοις,
916 3283 1002 3335 καὶ
1041 3284 1300 3346 τοιούτοις,

283 3361 412 3423 ὅπως
447 3360 518 3431 μὴ
561 3361 805 3430 ψύχηται,
844 3354 969 3433 μηδ’
989 3362 1306 3433 ὓποξηραίνη·

285 3460 398 3503 ται,
443 3460 506 3493 m
531 3442 792 3511 frigeam,
835 3442 922 3493 mel
965 3442 1298 3503 subcrescunt,

285 3519 462 3592 iuquit·
489 3520 846 3591 Theophrust.
890 3520 1030 3574 mat.
1069 3520 1163 3573 lib.
1203 3520 1307 3588 IV,

285 3616 397 3671 esp.
417 3600 509 3652 18.
528 3599 713 3653 ffinn.

359 3678 452 3731 3².
483 3680 630 3750 Ergo
656 3683 954 3750 tempestiue.
977 3680 1306 3751 Tempestivi

286 3758 526 3812 omnium
573 3759 804 3813 maxime
849 3760 1044 3813 imbres
1094 3759 1302 3813 hiberni

285 3850 532 3891 notantur
565 3856 581 3889 ε
611 3838 810 3893 deinde
838 3840 933 3910 qui
963 3839 1304 3910 germinatio-

283 3936 400 3970 nem
427 3917 779 3983 antecedunt,
809 3920 1024 3973 tertium
1063 3918 1308 3973 obtinent

285 3996 454 4050 locum
470 4034 486 4058 ,
509 3998 608 4069 qui
633 4000 921 4071 postquam
961 4000 1178 4052 arbores
1210 3998 1304 4051 de-

285 4074 609 4143 fletum-unt,
653 4078 967 4133 accesserint
997 4096 1012 4130 :
1042 4078 1304 4150 pabulum

282 4156 448 4219 euim,
479 4158 1098 4229 consummationemque
1126 4157 1307 4211 fructi-

283 4236 379 4289 bus
395 4250 650 4307 prostare
677 4238 968 4309 incipiunt,
1001 4256 1168 4309 quum
1194 4256 1304 4290 non

1381 2405 1659 2459 confestim
1700 2407 1910 2477 sequuti
1960 2420 2082 2461 sunt
2107 2445 2123 2472 ,
2166 2407 2259 2461 sed
2312 2409 2405 2462 ubi

1383 2486 1585 2538 fructus
1614 2485 2014 2539 convaluerunt.
2038 2485 2165 2540 Haec
2185 2487 2405 2541 totidem

1382 2565 1560 2621 verbis
1592 2564 1947 2635 Theophrast.
1972 2563 2042 2620 de
2076 2567 2232 2621 Caus.
2256 2567 2292 2621 l.
2319 2568 2407 2631 11,

1387 2662 1506 2715 cap.
1539 2647 1570 2699 3
1590 2683 1607 2705 ,
1633 2645 1729 2697 ubi
1751 2658 1803 2697 et
1836 2645 2164 2717 singulorum
2200 2666 2409 2701 eausam

1387 2724 1688 2796 investigat.
1718 2724 1900 2778 Hann-

1471 2802 1564 2857 33.
1614 2804 1908 2856 Desidet-ant
1962 2804 2108 2857 cibos.
2182 2806 2405 2860 Imbres.

1386 2884 1741 2954 Theophrast.
1776 2884 1878 2937 loe.
1910 2883 2000 2936 cit.
2032 2864 2107 2936 ὧν
2140 2880 2200 2938 δὲ
2222 2888 2263 2939 οἶ
2295 2906 2411 2957 καρ-

1387 2964 1472 3016 ποὶ
1491 2962 1791 3033 xperior-spot
1807 3002 1823 3028 ,
1844 2963 1928 3015 καὶ
1945 2965 2165 3026 πλιίονος
2185 2961 2408 3037 διόμενοι

1388 3047 1560 3113 τροφῆς
1588 3042 1673 3096 καὶ
1698 3044 1764 3095 πί
1801 3063 1889 3104 sm<
1908 3082 1925 3108 ,
1942 3045 2133 3106 τούτοις
2152 3046 2309 3115 ὡραῖα
2326 3044 2410 3097 καὶ

1390 3122 1454 3175 τὰ
1476 3123 1731 3193 editui-repa.
1790 3116 1960 3175 ὕδατα
1976 3113 2001 3191 )
2016 3162 2033 3188 ,
2057 3126 2277 3195 καθάπερ
2315 3125 2413 3195 ἀμ-

1385 3205 1520 3273 πέλῳ
1537 3240 1552 3266 ,
1573 3204 1685 3273 ῥοᾷ,
1708 3202 1875 3271 ἐλαίᾳ,
1898 3204 2002 3261 τοῖς
2032 3204 2210 3265 ἄλλοις.
2239 3229 2262 3251 ι
2280 3204 2413 3269 Qui·

1387 3281 1490 3335 bus
1500 3300 1629 3334 vero
1648 3283 1852 3335 fructus
1866 3280 2225 3336 diuturniores
2241 3322 2257 3349 ,
2273 3282 2416 3353 plus-

1389 3378 1496 3433 que
1535 3361 1775 3413 alimenti
1812 3360 2177 3434 eoetionisque
2202 3360 2411 3417 deside·

1389 3452 1592 3502 rantes,
1632 3440 1717 3493 his
1754 3439 1979 3493 seriores
2020 3442 2183 3495 etiam
2213 3442 2413 3497 imbres

1395 3519 1693 3591 tempestivi
1716 3518 1976 3573 accedunt
1998 3538 2014 3571 ε
2028 3533 2092 3573 ut
2110 3520 2207 3574 viti
2219 3561 2234 3586 ,
2254 3523 2412 3594 puni·

1393 3618 1496 3660 eo,
1531 3600 1661 3653 oleae
1689 3599 2016 3671 eoeterisque.
2036 3626 2059 3647 n
2094 3602 2275 3654 Ham).

1475 3678 1566 3743 34.
1608 3680 1735 3749 Qaoe
1768 3680 2057 3752 Aquilonem
2089 3680 2273 3734 Austro
2306 3682 2413 3734 ηιὶΙ.

1381 3760 1527 3826 facit.
1555 3758 1814 3830 Expende
1840 3777 1909 3812 an
1930 3758 1999 3812 sit
2026 3760 2205 3814 verior
2227 3761 2412 3824 lectio,

1398 3865 1420 3886 -
1441 3856 1603 3910 quam
1622 3839 1834 3911 Aquilo,
1850 3858 2010 3910 quam
2028 3842 2217 3893 Auster
2235 3840 2415 3910 utili07

1391 3936 1505 3971 rem
1532 3919 1691 3971 facit:
1720 3944 1743 3965 ι
1773 3918 2055 3990 quoniam,
2084 3932 2145 3972 ut
2174 3920 2414 3990 superius

1391 3994 1658 4064 ostendit,
1688 3999 1865 4069 fruges
1886 4016 2101 4069 quoque
2121 4000 2278 4068 pejus
2304 4016 2413 4059 mag

1391 4090 1663 4131 tua-escunt
1674 4078 1941 4130 Austriuis
1958 4076 2165 4140 diebus,
2180 4090 2231 4129 et
2254 4078 2415 4147 paulo

1392 4175 1581 4228 supra,
1605 4183 1627 4204 «
1644 4156 1889 4208 Hiemem
1906 4155 2243 4226 Aquiloniam
2278 4174 2414 4218 esse,

1393 4235 1643 4288 omnibus
1667 4236 1788 4289 satis
1814 4234 2175 4288 utilissimum.
2200 4260 2222 4281 ι
2256 4236 2411 4288 Pmr.
