3150 5150
744 1054 766 1084 1

813 457 952 526 228
1343 458 1419 524 C.
1475 454 1807 523 PLlNlI
1856 455 2064 524 NAT.
2116 455 2361 523 HIST.

809 592 924 686 qui
953 589 1075 659 Iar
1115 586 1418 708 pisehant
1437 640 1457 671 ,
1493 587 1891 656 nominatos.
1924 587 2069 655 Nec
2107 609 2356 680 coquos
2391 610 2555 658 vero
2604 587 2916 660 habebant

809 699 876 766 in
917 696 1233 776 sei-vitm,
1275 717 1516 786 eosque
1559 716 1643 760 ex
1690 688 1969 762 macello
2009 691 2490 762 conducebant.
2542 693 2915 766 cribrorum

809 825 1052 898 genera
1083 799 1258 871 Galli
1295 825 1334 868 e
1361 800 1516 868 setis
1542 823 1865 894 equorum
1904 799 2251 886 invenere,
2280 801 2557 895 Hispani
2590 825 2631 868 e
2658 797 2799 870 lino
2818 827 2914 872 ex-

809 893 1136 980 cussoria⁶
1168 921 1236 976 et
1260 904 1643 1001 pollinaria‚
1672 906 1993 1000 AEgyptus
2022 931 2059 974 e
2095 929 2349 1001 papyro
2388 921 2591 1002 atque
2610 906 2841 1000 juncO.

913 1017 1170 1085 XXIX.
1218 1013 1350 1082 Sed
1391 1013 1564 1080 inter
1604 1013 1821 1106 prima
1860 1010 2119 1082 dicatur
2162 1027 2231 1082 et
2268 1013 2448 1084 alicae
2498 1013 2735 1098 ratio¹,
2772 1041 2913 1109 prae·

803 1121 1216 1192 stantissimae
1247 1117 1827 1212 saluberrimaeque
1857 1143 1873 1185 z
1915 1142 2062 1212 quae
2101 1118 2321 1213 palma
2363 1119 2635 1216 frugum
2668 1119 2914 1191 indubi-

805 1243 942 1298 tata
976 1225 1236 1297 Italiam
1277 1225 1619 1318 contingit.
1674 1224 1779 1293 Fit
1816 1225 1955 1292 sine
1990 1223 2195 1294 dubio
2236 1241 2303 1294 et
2344 1227 2415 1294 in
2451 1229 2781 1322 AEgypto,
2818 1230 2913 1298 sed

801 1333 1164 1404 admodum
1201 1331 1594 1426 spernenda.
1640 1332 1723 1398 In
1759 1328 1949 1400 Italia
1986 1355 2148 1400 vero
2181 1329 2483 1426 pluribus
2518 1331 2723 1420 locis,
2770 1336 2913 1404 sicut

802 1440 1176 1512 Veronensi
1218 1439 1587 1531 Pisanoque
1630 1460 1793 1530 agro
1826 1459 1841 1502 τ
1886 1438 1951 1504 in
1997 1439 2364 1532 Campania
2382 1435 2403 1462 ³
2435 1453 2663 1508 tamen
2706 1439 2912 1509 lauda-

803 1547 1072 1616 tissima.
1127 1546 1424 1638 Campus
1466 1556 1565 1612 est
1608 1542 1951 1637 subjacens
1992 1545 2329 1613 montibus
2374 1544 2733 1632 nimbosis,
2784 1551 2913 1616 totis

801 1651 1069 1745 quidem
1103 1675 1200 1720 11.
1238 1673 1317 1720 Μ.
1348 1673 1663 1744 passuum
1709 1647 2009 1743 planitie.
2063 1652 2265 1719 Terra
2304 1650 2446 1743 ejus
2480 1647 2603 1736 (ut
2623 1656 2909 1747 protinus

801 1758 922 1828 soli
965 1772 1203 1826 natura
1238 1748 1541 1844 dicatur)
1580 1753 1890 1849 pulverea
1922 1779 2212 1843 summa,
2258 1756 2533 1844 inferior
2564 1758 2825 1844 bibula,
2860 1777 2913 1828 et

801 1865 1083 1958 pumicis
1106 1862 1250 1931 vice
1285 1860 1582 1931 fistulosa
1600 1846 1623 1885 ³
1652 1887 1668 1927 ι
1708 1862 2034 1930 montium
2059 1886 2323 1956 quoque
2353 1861 2551 1959 culpa
2577 1867 2653 1934 in
2678 1866 2909 1936 bonum

801 1969 996 2040 cedit.
1057 1969 1343 2040 Crebros
1387 1969 1566 2036 enim
1618 1966 1863 2036 imbres
1916 1965 2215 2061 percolat
2259 1983 2458 2063 atque
2498 1975 2909 2042 transmittit:

799 2101 924 2146 nec
951 2073 1146 2164 dilui,
1181 2088 1298 2144 aut
1336 2059 1629 2143 madere⁴
1652 2072 1865 2143 voluit
1898 2089 2176 2170 propter
2212 2073 2595 2146 facilitatem
2628 2077 2910 2148 culturae.

797 2183 1052 2253 Eadem
1120 2195 1467 2277 acceptum
1511 2180 1863 2249 humorem
1916 2178 2110 2249 nullis
2157 2180 2448 2251 fontibus
2499 2183 2763 2269 reddit,
2816 2186 2911 2255 sed

799 2303 1127 2384 temperat
1146 2339 1165 2372 ‚
1194 2302 1263 2357 et
1292 2310 1717 2381 concoquens
1745 2287 1918 2356 intra
1937 2312 2005 2356 se
2037 2287 2183 2356 vice
2207 2290 2385 2358 succi
2422 2278 2783 2360 continet⁵.
2818 2295 2911 2362 Se·

797 2396 970 2465 ritur
999 2409 1142 2464 toto
1178 2417 1356 2463 anno
1373 2377 1423 2480 ⁶,
1464 2392 1707 2486 panico
1752 2390 1989 2477 semel,
2030 2393 2130 2462 bis
2166 2393 2355 2462 farre.
2388 2395 2479 2464 Et
2520 2409 2755 2465 tamen
2782 2421 2913 2468 vere

794 2515 1046 2597 segetes
1064 2500 1112 2588 ⁷,
1149 2520 1297 2594 quae
1327 2499 1843 2591 interquievere‚
1884 2497 2177 2568 fundunt
2216 2524 2436 2570 rosam
2476 2501 2913 2574 odoratiorem

793 2670 1071 2722 Cererem:
1101 2662 1370 2734 Significat
1405 2680 1502 2735 per
1531 2662 1779 2715 Cererem
1797 2700 1815 2727 ‚

791 2764 987 2819 panem
1006 2762 1132 2817 :per
1146 2744 1454 2814 Neptunum
1465 2780 1481 2805 ,
1501 2742 1671 2811 pisces
1690 2758 1819 2813 :per

793 2828 1060 2880 Venerem
1077 2860 1096 2887 ,
1128 2824 1288 2877 olera.
1313 2848 1336 2869 ι
1374 2820 1554 2873 Haun.

875 2910 930 2961 6.
962 2906 1276 2958 Excussoria.
1314 2900 1625 2954 Excussoria
1657 2913 1816 2965 sunt,

791 3006 912 3059 que
930 2983 1002 3039 ad
1020 2979 1388 3038 excutiendam
1405 2980 1628 3033 farinam
1652 2980 1815 3033 facta:

789 3064 1070 3138 pollinaria
1085 3100 1100 3125 ,
1121 3080 1241 3135 quai
1253 3060 1320 3115 ad
1345 3058 1683 3131 purgandum
1702 3060 1817 3131 pol-

791 3148 976 3199 linem.
1001 3144 1067 3196 H.
1091 3174 1160 3186 —-
1191 3143 1488 3195 Emsoria
1526 3150 1576 3192 et
1598 3140 1813 3209 polleba-

792 3230 884 3278 ria.
917 3224 1123 3279 Gallice
1145 3222 1334 3293 vulgo,
1365 3222 1448 3273 des
1469 3220 1697 3272 blateaus
1712 3258 1727 3283 ‚
1752 3238 1815 3270 ou

792 3307 874 3357 des
905 3307 1063 3357 tamis.
1088 3304 1192 3355 En.

873 3382 1078 3436 XXIX.
1100 3400 1148 3436 1.
1164 3382 1325 3436 Alica
1337 3383 1479 3432 meio.
1501 3378 1648 3432 Alica
1671 3376 1815 3449 apud

789 3463 1026 3516 Plinium
1040 3459 1148 3514 duo
1167 3460 1424 3532 signifieat
1439 3477 1452 3513 :
1467 3459 1812 3524 frumentum,

793 3544 1088 3613 Repetam,-
1114 3553 1167 3593 et
1189 3540 1376 3593 cibum
1399 3578 1415 3601 ,
1443 3540 1487 3591 le
1516 3558 1679 3607 gmon
1705 3537 1813 3590 d'e'-

785 3634 1002 3694 penate-e.
1041 3618 1204 3673 Alica
1239 3636 1364 3671 usus
1388 3618 1615 3671 maxime
1638 3616 1814 3688 viguit

793 3714 946 3755 etate
993 3698 1243 3769 Augusti.
1297 3700 1464 3750 Bam.
1503 3728 1586 3739 —
1616 3697 1813 3749 Italiam

791 3782 1044 3850 contingit.
1059 3774 1243 3831 Chiffl.
1263 3777 1424 3828 Iealioe
1445 3776 1811 3845 contingitssn.

877 3880 928 3915 ².
960 3860 1021 3911 In
1053 3856 1338 3926 Campania.
1371 3854 1513 3908 Hinc
1542 3878 1565 3902 ι
1588 3854 1813 3908 alicariae

791 3938 1093 3995 meretrices
1113 3970 1130 3990 2
1151 3948 1202 3989 et
1229 3934 1562 3989 alic-riorum
1594 3934 1813 4005 pistrina

791 4021 846 4073 in
882 4018 1170 4089 Campania
1187 4043 1238 4079 ‚n
1265 4026 1480 4069 auctore
1504 4014 1677 4067 Festo.
1704 4012 1770 4065 Η.

873 4100 925 4151 3.
943 4099 1204 4151 Fisteelosa.
1229 4096 1316 4149 Sic
1331 4113 1392 4147 ex
1423 4093 1574 4155 MSS.
1599 4092 1809 4147 emend.

1904 2661 2068 2716 Hard.
2084 2661 2317 2733 fistulam
2340 2664 2588 2720 Gronov.
2622 2679 2687 2721 et
2720 2669 2791 2721 al.
2830 2672 2915 2723 En.

1988 2748 2041 2806 4.
2074 2744 2179 2796 Nec
2194 2744 2320 2797 dilui
2347 2758 2438 2797 aut
2463 2746 2679 2801 maden.
2710 2748 2795 2801 Ne
2818 2749 2916 2803 siin

1903 2822 2075 2875 lutum
2102 2824 2302 2887 abiret,
2331 2843 2441 2879 non
2466 2838 2577 2879 tam
2611 2826 2787 2882 facilis
2808 2842 2916 2881 enee

1904 2901 2146 2955 cultura.
2172 2904 2353 2956 Hun-

1986 2980 2038 3036 5.
2064 2982 2121 3035 V
2116 2986 2185 3033 1·oe
2208 2985 2336 3036 succe·
2362 2988 2593 3039 continet.
2630 2986 2793 3042 MSS.
2820 3008 2915 3041 om·

1902 3078 1995 3113 nea
2014 3100 2031 3127 ‚
2057 3064 2289 3127 vicesimi.
2317 3062 2501 3118 Eum.

1986 3144 2039 3195 6.
2058 3140 2249 3195 Ser-itm·
2276 3155 2376 3196 toro
2400 3163 2547 3197 anno.
2570 3144 2775 3199 Strabo
2794 3146 2915 3200 iden

1900 3236 2095 3289 grace,
2119 3222 2157 3276 l.
2184 3222 2256 3285 V,
2278 3242 2332 3293 p.
2361 3230 2470 3287 ²4²
2488 3262 2506 3288 ,
2532 3222 2606 3277 de
2626 3226 2918 3298 Campania

1903 3318 2029 3370 agro
2060 3317 2074 3353 ε
2110 3292 2352 3372 leopati-at
2382 3300 2437 3355 δ’
2464 3304 2571 3357 ἔνια
2608 3312 2714 3357 τῶν
2740 3303 2915 3359 πεδίον

1901 3380 2181 3450 σπείρεσθαι
2211 3378 2283 3434 δι’
2307 3384 2471 3447 ἔτους,
2497 3380 2581 3445 δὶς
2606 3386 2697 3453 μὲν
2720 3390 2786 3453 τῇ
2816 3388 2915 3455 zia.

1900 3460 1957 3511 τὸ
1979 3455 2039 3513 ὃὸ
2058 3460 2215 3531 τρίτον
2238 3462 2395 3533 onya
2413 3483 2429 3499 ·
2446 3462 2561 3517 τινὰ.
2570 3460 2635 3516 δὲ
2657 3464 2747 3517 καὶ
2772 3472 2919 3533 ²⁸1⁸·

1898 3540 2117 3591 νιῦισθαι
2145 3546 2217 3611 τῷ
2248 3542 2471 3611 τετάρτῳ
2509 3546 2701 3614 σπόρῳ.
2752 3570 2777 3593 ι
2798 3544 2920 3597 Tra·

1899 3614 2071 3671 ditum
2098 3622 2368 3673 memoria
2392 3631 2472 3674 est
2500 3621 2751 3693 quodam
2777 3624 2921 3677 Cam·

1898 3698 2068 3768 panim
2095 3716 2220 3752 arva
2244 3711 2359 3753 toto
2397 3718 2544 3754 anno
2574 3704 2787 3756 conseri
2807 3720 2823 3755 x
2844 3704 2919 3755 his

1900 3778 2241 3832 zeaztertium
2266 3780 2489 3851 panico:
2504 3780 2749 3852 quedam
2766 3782 2918 3835 etiam

1900 3868 2093 3927 quarto
2118 3871 2233 3911 satu
2254 3859 2399 3913 olera
2418 3860 2738 3931 producere.
2759 3886 2783 3909 ι
2813 3862 2919 3914 Ubi

1902 3935 1981 3989 far
2008 3928 2293 4008 appellavit
2308 3953 2454 3993 team
2476 3940 2755 4012 perspicue
2775 3942 2918 3995 Stra·

1901 4016 1987 4067 bo.
2015 4016 2195 4069 Hann-

1984 4116 2037 4165 7.
2064 4096 2275 4167 Segotes.
2306 4096 2465 4167 Segea
2486 4097 2575 4153 hic
2594 4098 2703 4170 ipat
2726 4099 2919 4152 liumus
