3150 5150
1385 555 1463 622 c
1506 550 1847 623 PL1N11
1896 550 2108 623 NAT.
2161 527 2420 622 uisT.

850 684 1155 781 proxima
1206 684 1517 779 graminis
1536 738 1558 773 ‚
1620 687 1906 781 pessima
1961 684 2286 756 mimmuli
2313 671 2366 717 '⁴
2395 710 2410 753 ε
2453 682 2718 778 siliquas
2771 684 2948 752 ctiam

782 803 817 855 8
851 788 1026 859 diras
1052 788 1344 861 ferentis.
1375 792 1596 861 Invisa
1620 806 1687 861 et
1709 792 2014 887 equisetis
2033 776 2082 818 ’⁵
2107 806 2208 863 est
2225 840 2245 877 ,
2272 814 2312 860 a
2339 786 2762 861 similitudine
2787 792 2951 883 equi-

850 918 952 965 nae
982 908 1155 967 setae.
1199 896 1479 967 Secandi
1506 911 1790 993 tempuS‚
1816 922 2021 993 quum
2059 898 2240 992 spica
2274 896 2706 966 deflorescere
2733 899 2950 989 caepit,

850 1014 1049 1097 atque
1086 1003 1388 1073 roborari
1418 1028 1437 1072 τ
1474 1004 1831 1074 secandum
1845 990 1918 1090 ²⁶,
1956 1019 2309 1099 antequam
2345 1005 2683 1073 inarescat.
2727 1004 2890 1071 Cato
2907 1000 2948 1040 ²⁷

850 1106 1077 1177 fenum
1094 1162 1115 1196 ,
1138 1110 1389 1205 inquit,
1416 1132 1502 1178 ne
1520 1134 1668 1180 sero
1696 1104 1916 1181 secest
1945 1112 2126 1207 prius
2153 1132 2352 1205 quam
2383 1131 2608 1179 semen
2635 1120 2948 1177 maturum

848 1212 933 1282 sit
947 1266 967 1301 ,
990 1228 1233 1285 secato,
1256 1214 1547 1305 Quidam
1567 1214 1777 1311 pridie
1799 1219 2053 1312 rigant,
2075 1216 2192 1285 ubi
2219 1228 2374 1287 sunt
2407 1217 2615 1311 rigua.
2647 1212 2949 1283 Noctibus

846 1306 1189 1391 roscidis'⁰
1224 1322 1432 1391 secari
1464 1321 1714 1393 melius.
1758 1322 2082 1413 Quasdam
2111 1332 2335 1417 partes
2365 1320 2572 1391 Italiae
2607 1332 2762 1415 post
2798 1344 2949 1389 mes·

846 1448 988 1494 sem
1024 1441 1269 1497 secant.
1643 1450 1648 1459 ’

776 1558 811 1608 9
950 1532 1103 1602 Fuit
1136 1532 1270 1602 hoc
1306 1556 1571 1628 quoque
1607 1535 1876 1630 majoris
1917 1533 2230 1628 impendii
2267 1530 2446 1665 apud
2481 1534 2758 1627 priores.
2805 1534 2945 1601 Cre-

843 1636 990 1707 ticis
1026 1650 1286 1709 tantum
1305 1635 1357 1677 ²⁹
1404 1642 1989 1735 transmarinisque
2033 1640 2291 1711 cotibus
2331 1638 2356 1663 ⁰
2409 1640 2616 1727 notis,
2667 1659 2792 1707 nec
2843 1640 2946 1706 nisi

840 1740 988 1814 oleo
1006 1742 1207 1814 falcis
1233 1744 1441 1815 aciem
1474 1746 1927 1817 excitantibus.
1956 1748 2172 1841 Igitur
2199 1754 2408 1815 cor'nu
2434 1756 2714 1839 propter
2751 1742 2945 1813 oleum

854 546 997 621 310

923 1956 1016 2015 ²6·
1042 1952 1300 2007 Meu-muli.
1318 1951 1553 2018 Quidam
1574 1955 1862 2007 nummulum

840 2046 953 2085 esee
984 2032 1175 2086 volunt
1218 2032 1435 2087 berham
1480 2034 1632 2101 latis.
1657 2034 1864 2105 longis,

838 2111 1042 2181 maguis
1058 2148 1075 2176 ,
1094 2110 1243 2165 duria
1265 2111 1433 2173 soliis,
1454 2132 1756 2185 proceram,
1774 2132 1866 2167 na-

838 2202 1071 2243 scentem
1094 2191 1153 2243 iu
1180 2190 1451 2265 paludosis
1475 2194 1672 2264 pratis,
1703 2211 1865 2266 quam

838 2268 930 2321 vix
950 2268 1113 2323 boves
1140 2268 1459 2336 comedunt,
1492 2270 1692 2327 nedum
1719 2272 1863 2345 equi.

836 2344 1039 2401 Rustici
1059 2362 1252 2403 vocant
1269 2350 1353 2403 des
1370 2351 1535 2421 lethes.
1556 2352 1740 2407 Geuus
1759 2353 1865 2407 fer-

837 2444 926 2479 me
953 2424 1011 2479 id
1040 2428 1225 2481 caricis
1253 2442 1347 2483 est.
1379 2430 1488 2483 Alii
1518 2432 1702 2505 legunt
1725 2452 1867 2485 num·

839 2506 1016 2559 multem
1050 2546 1066 2571 ‚
1111 2518 1165 2561 et
1210 2508 1429 2562 herbam
1480 2528 1591 2564 esse
1639 2525 1830 2585 putant
1846 2551 1865 2579 ‚

838 2604 999 2660 quam
1020 2604 1049 2639 a
1074 2586 1403 2642 rotunditate
1428 2590 1682 2644 foliorum
1705 2611 1864 2646 num·

837 2663 941 2718 mis
957 2667 1073 2736 pari
1098 2667 1391 2722 etiamnum
1408 2671 1638 2725 officinn
1653 2691 1866 2725 nummu-

840 2745 1012 2798 larium
1038 2759 1233 2800 vocant
1253 2786 1268 2812 ,
1296 2759 1400 2802 tam
1428 2749 1644 2803 noxiam
1661 2751 1864 2824 pecori,

836 2835 901 2876 ut
924 2843 985 2878 ea
1010 2823 1280 2896 degustata
1305 2845 1432 2880 oves
1461 2828 1708 2885 ulceratis
1741 2833 1864 2904 pul-

836 2904 1088 2958 monibus·
1112 2903 1307 2960 tabida
1329 2906 1611 2962 intereant.
1631 2911 1862 2964 Herbam

838 2995 894 3036 et
913 2985 1170 3038 morbum
1190 3003 1318 3040 rura
1342 3001 1537 3042 vocant
1571 2988 1622 3040 la
1641 2989 1860 3044 elavele‘e.

836 3057 1276 3118 Dan—Pessima
1298 3069 1541 3120 mamati.
1560 3067 1720 3122 Haud
1742 3071 1861 3123 satis

836 3155 1177 3213 compertum
1200 3145 1382 3199 herbo
1400 3147 1860 3218 genus—Herba,

838 3232 941 3274 etc.
988 3221 1267 3294 Significat
1308 3244 1421 3279 non
1470 3229 1622 3281 caule
1665 3225 1827 3283 modo
1841 3267 1860 3294 ‚

836 3298 930 3353 sed
960 3313 1013 3354 et
1036 3303 1223 3374 siliqua
1243 3323 1436 3358 nocere
1454 3307 1511 3360 in
1531 3319 1686 3381 prato
1708 3308 1863 3363 mim-

836 3379 1068 3432 mulum.
1094 3383 1229 3436 Sunt
1251 3385 1349 3455 qui
1376 3387 1631 3440 renunculi
1648 3387 1755 3460 legi
1777 3407 1862 3440 su-

834 3457 1103 3530 spicentur
1121 3461 1453 3519 commodius
1472 3484 1629 3537 posse
1648 3485 1662 3519 τ
1681 3479 1860 3520 vetant

834 3535 989 3590 MSS.
1038 3537 1247 3594 codices
1286 3561 1299 3594 ε
1339 3560 1571 3615 quorum
1611 3559 1684 3598 'ex
1713 3544 1820 3600 fide
1841 3583 1857 3612 ‚

836 3633 1007 3686 quum
1036 3617 1115 3671 illi
1140 3619 1423 3676 exhibeant
1438 3619 1633 3678 diserte
1645 3664 1663 3693 ‚
1681 3627 1858 3697 siliqua

834 3699 979 3747 etiam
1033 3696 1143 3749 dira
1188 3701 1396 3766 finatis
1421 3738 1439 3767 ‚
1483 3703 1631 3758 hunc
1672 3704 1855 3760 locum

834 3773 907 3828 ita
941 3776 1304 3847 expressimus.
1330 3781 1395 3833 In
1429 3781 1580 3836 libris
1605 3785 1856 3839 hactenus

834 3851 1026 3909 editis:
1049 3857 1313 3910 -Pessima
1337 3860 1604 3915 mimmuli
1627 3881 1641 3916 ε
1665 3863 1854 3935 siliqua

832 3933 989 3987 etiam
1010 3933 1127 3990 dira
1148 3955 1162 3990 :
1181 3937 1422 3993 fenisecis
1446 3939 1614 3997 invisa
1633 3956 1687 3997 et
1707 3945 1854 4016 equi·

832 4014 955 4068 setis
980 4027 1075 4068 est.
1096 4041 1119 4062 ι
1154 4015 1335 4074 Haun-

916 4095 1008 4148 25.
1041 4097 1117 4149 Et
1138 4102 1374 4170 eqeu‘setis.
1403 4103 1485 4154 De
1508 4121 1612 4175 qua
1631 4103 1818 4158 XXVI
1832 4146 1848 4172 ,

1949 1952 2088 2008 dicta
2103 1989 2119 2019 ,
2143 1966 2196 2007 et
2217 1954 2272 2006 iu
2297 1952 2462 2025 pratis
2483 1952 2782 2024 vituperata
2797 1954 2948 2017 nohis,

1949 2044 2050 2088 etc.
2071 2058 2095 2080 e
2123 2028 2308 2085 Hun-

2033 2116 2123 2167 26.
2138 2112 2422 2167 Secundum.
2439 2112 2741 2165 Columella
2751 2150 2770 2176 ,
2783 2112 2872 2164 lib.
2885 2112 2944 2171 11,

1947 2210 2065 2265 cap.
2097 2212 2119 2247 1
2132 2212 2164 2263 9
2185 2210 2199 2245 :
2221 2220 2243 2240 ι
2261 2192 2465 2245 Fenum
2485 2204 2672 2244 autem
2690 2189 2948 2244 demetitur

1948 2270 2150 2343 optime
2180 2285 2461 2343 antequam
2491 2270 2758 2323 inarescat
2795 2289 2811 2323 ε
2843 2288 2946 2323 nam

1947 2365 2004 2405 et
2025 2351 2223 2423 largius
2247 2348 2546 2424 percipitur
2559 2388 2578 2415 ‚
2611 2363 2667 2403 et
2689 2348 2944 2419 jucundio-

1947 2450 2062 2485 rem
2089 2432 2272 2485 cibum
2297 2424 2600 2503 pecudibus
2615 2430 2865 2501 prebet.-
2889 2429 2946 2481 Η.

2029 2529 2120 2582 ²7·
2151 2510 2296 2567 θείω.
2344 2508 2476 2582 Cap.
2507 2526 2658 2563 un:
2691 2536 2716 2557 ι
2737 2510 2946 2572 Peuma,

1947 2591 2041 2646 ubi
2069 2604 2278 2663 tempus
2306 2590 2432 2656 erit,
2454 2601 2663 2643 secato:
2685 2601 2948 2660 cavetoque

1947 2690 2018 2724 ne
2060 2690 2179 2724 sero
2226 2688 2384 2725 seces.
2433 2670 2755 2740 Priusquam
2791 2687 2946 2722 semen

1948 2763 2221 2804 maturum
2241 2749 2360 2815 fiet,
2380 2761 2582 2804 secato:
2601 2761 2660 2801 et
2675 2747 2818 2822 quod
2833 2748 2950 2819 opti-

1947 2849 2097 2882 mum
2113 2830 2293 2883 fenum
2310 2829 2410 2883 erit
2421 2867 2438 2894 ‚
2449 2847 2688 2883 seorsum
2701 2827 2947 2882 condito.-

1949 2909 2132 2963 Haeo.

2032 2989 2124 3043 28.
2154 2987 2388 3042 Noctibus
2430 2987 2646 3040 roscidis.
2679 2985 2948 3058 Virgilius,

1948 3067 2145 3140 Georg.
2172 3070 2230 3132 1,
2253 3087 2386 3122 vers.
2410 3067 2513 3138 289
2540 3086 2555 3120 ε
2595 3093 2619 3115 ι
2639 3065 2811 3120 Nocte
2829 3065 2951 3117 leves

1944 3147 2154 3219 stipulae
2187 3148 2397 3214 melius,
2443 3159 2602 3200 nocte
2646 3145 2796 3200 arida
2819 3157 2952 3217 prata

1943 3225 2292 3281 Tondentur:
2315 3239 2496 3281 noctes
2517 3227 2694 3282 lentus
2711 3245 2818 3280 non
2840 3221 2952 3278 defi·

1944 3307 2016 3360 cit
2044 3306 2255 3360 humor.
2279 3331 2302 3354 n
2331 3305 2511 3361 nnn.

2029 3405 2121 3456 29.
2174 3385 2376 3440 Creticis
2423 3398 2628 3438 tantum.
2668 3385 2847 3452 Quum
2895 3381 2952 3436 ad

1944 3463 2201 3520 acuendae
2247 3466 2404 3520 falces
2433 3485 2544 3519 non
2589 3465 2694 3518 nisi
2747 3460 2954 3518 Creticis

1943 3559 1994 3599 et
2035 3557 2179 3599 trans
2210 3563 2355 3600 mare
2399 3545 2563 3599 vectis
2605 3543 2815 3598 cotibus
2841 3561 2954 3595 usus

1943 3625 2096 3678 foret.
2127 3627 2206 3679 De
2229 3625 2316 3680 his
2333 3625 2544 3680 cotibus
2569 3624 2666 3677 lib.
2695 3621 2954 3685 XXXVI,

1941 3723 2056 3778 cap.
2092 3711 2196 3777 47,
2233 3703 2330 3760 ubi
2367 3719 2421 3761 et
2459 3703 2528 3758 de
2560 3703 2793 3777 aquariis
2820 3701 2952 3755 dice·

1942 3797 2048 3840 tur.
2073 3781 2255 3839 Ηιιιι).

2023 3865 2111 3918 3ο.
2163 3865 2611 3937 Transmarinisque
2654 3863 2856 3916 cotibus.
2877 3857 2951 3912 Ad

1939 3941 2198 3998 barbaros
2240 3963 2326 3998 eas
2357 3945 2529 4009 ferre,
2559 3957 2830 4015 tamquam
2859 3939 2952 3992 illi·

1937 4024 2066 4078 citas
2096 4043 2296 4078 merces
2338 4023 2588 4096 prohibet
2631 4021 2952 4080 Brissonius‚

1935 4105 2030 4158 lib.
2061 4103 2165 4170 IV,
2185 4125 2231 4158 c.-
2255 4109 2286 4168 4
2301 4143 2318 4170 ,
2339 4105 2374 4157 l.
2393 4103 2582 4165 Cotem,
2604 4099 2636 4166 S
2658 4103 2948 4162 illicitarum,

835 4173 935 4225 83:
956 4197 977 4219 ιι
994 4175 1321 4247 Equisetum,
1342 4179 1589 4253 hippuris
1609 4203 1640 4237 a
1653 4183 1850 4239 Graecis
1931 4185 2001 4250 ff.
2019 4184 2198 4256 public.
2229 4185 2440 4238 Daue.
