3150 5150
934 485 1259 556 LIBER
1322 487 1535 556 xlx.
2176 484 2318 583 359

188 641 387 712 parv-o
412 617 655 686 semine
681 619 897 700 nasei,
936 617 1117 712 quod
1146 619 1377 688 orbem
1429 633 1762 687 terrarum
1801 618 1980 688 ultro
2021 621 2319 715 citroque

190 739 434 818 portet,
474 739 609 792 tam
656 723 883 818 gracili
921 748 1169 808 avena,
1229 740 1365 796 tam
1417 750 1553 795 uon
1605 724 1734 794 alte
1775 749 1812 793 a
1863 724 2096 795 tellure
2135 727 2318 812 tolli,

190 855 393 925 neque
430 830 494 899 id
537 831 787 900 viribus
822 833 957 900 suis
995 834 1210 918 necti3
1261 831 1379 902 sed
1410 833 1697 902 fractum
1731 831 2128 928 tusumque⁹
2159 849 2226 903 et
2247 837 2316 902 in

192 937 521 1007 mollitiam
548 935 714 1007 lanae
758 953 1106 1017 coactum,
1153 939 1393 1033 injuria
1434 963 1513 1008 ac
1558 963 1820 1009 summa
1864 939 2178 1027 audacia,
2233 967 2316 1010 eo

188 1041 607 1138 pervenirem.
640 1043 841 1114 Nulla
882 1047 1244 1115 exsecratio
1308 1045 1556 1114 sufficit
1607 1061 1842 1115 contra
1897 1044 2314 1117 inventorem

186 1151 429 1220 dietum
456 1177 577 1220 suo
612 1149 824 1221 loco¹¹
858 1176 897 1220 a
937 1152 1129 1222 nobis
1156 1179 1172 1220 :
1212 1155 1323 1223 cui
1356 1153 1511 1221 satis
1540 1179 1678 1221 non
1709 1151 1834 1221 fuit
1865 1145 2206 1224 hominem
2251 1156 2318 1222 in

186 1273 359 1326 terra
406 1259 616 1345 mori,
676 1260 801 1328 nisi
854 1260 1101 1354 periret
1170 1275 1237 1330 et
1309 1259 1698 1354 insepultus.
1759 1270 1848 1328 At
1903 1285 2024 1328 nos
2095 1263 2319 1356 priore
2359 1282 2388 1336 5

186 1363 357 1433 libro
375 1362 417 1388 ¹²
449 1364 689 1434 imbres
716 1379 783 1435 et
809 1365 1005 1436 flatus
1036 1367 1399 1446 cavendOS‚
1434 1365 1701 1462 frugum
1728 1391 1924 1436 causa
1952 1369 2328 1462 victusque,

184 1472 770 1564 praemonebamus.
842 1475 1023 1542 Ecce
1084 1476 1329 1544 seritur
1384 1473 1672 1542 hominis
1739 1497 1980 1558 manu,
2043 1476 2316 1543 metitur

180 1578 469 1670 ejusdem
527 1578 815 1650 hominis
878 1581 1177 1674 ingenio,
1235 1580 1415 1675 quod
1472 1595 1710 1649 ventos
1761 1582 1830 1648 in
1895 1583 2060 1648 mari
2117 1595 2324 1675 optet.

182 1685 505 1755 Praeterea
546 1699 623 1754 ut
672 1688 954 1755 sciamus
994 1685 1233 1756 favisse
1264 1672 1594 1781 poenas¹³‚
1639 1685 1804 1754 nihil
1831 1688 2130 1782 gignitur
2155 1688 2326 1757 faci·-

177 1790 347 1860 lius:
388 1806 460 1861 ut
498 1793 859 1863 sentiamus
897 1792 1163 1862 nolente
1194 1794 1259 1864 id
1286 1781 1493 1864 ἕξει-ἰ14
1525 1809 1798 1878 natura,
1831 1779 2032 1862 urit¹⁵
2058 1818 2333 1888 agrum,

174 1897 707 1993 deterioremque
748 1901 945 1969 etiam
982 1915 1229 1969 terram
1271 1899 1447 1971 facit.

286 2007 376 2073 11.
409 1993 535 2096 (1.)
565 2007 823 2074 Seritur
862 2005 1185 2078 sabulosis
1220 2005 1565 2086 maxin1e¹‚
1596 2030 1863 2100 unoque
1899 2003 2157 2076 sulco²:
2201 1993 2325 2076 nee
2370 2041 2392 2074 1

174 2113 391 2205 magis
422 2112 689 2182 festinat
719 2111 920 2182 aliud.
953 2115 1132 2183 Vere
1166 2129 1384 2184 satum
1408 2099 1431 2137 ³
1465 2127 1693 2182 aestate
1722 2111 2018 2199 vellitur3
2055 2127 2125 2181 et
2147 2113 2324 2182 hanc

256 2327 317 2376 9.
358 2305 460 2361 Sed
483 2308 700 2376 fractum
750 2320 1023 2382 rusumque.-
1064 2310 1201 2364 Nsm
1291 2311 1410 2363 Huc
1431 2309 1590 2362 etiam
1621 2310 1761 2362 refer
1777 2307 1925 2380 quod
1953 2308 2114 2362 habet
2135 2309 2324 2362 Horat.

168 2400 472 2441 maceratur
488 2407 657 2460 aqua,
674 2387 1205 2461 tunditurque,sem-
1292 2388 1399 2442 Od.
1421 2392 1478 2454 1,
1499 2391 1529 2444 3
1552 2407 1567 2442 ε
1599 2415 1621 2435 ι
1648 2388 1736 2442 Illi
1754 2389 1924 2455 robur
1938 2401 1992 2442 et
2014 2407 2084 2455 φῦ
2097 2389 2294 2460 triplex
2308 2429 2323 2454 ,

164 2487 271 2538 per
317 2467 509 2539 injuria
548 2469 771 2534 melius,
806 2482 865 2522 ut
896 2467 1105 2524 dicetur
1144 2472 1202 2522 in
1291 2480 1394 2523 etc.
1418 2495 1441 2518 n
1470 2471 1653 2522 Hanu.

162 2549 283 2601 line
310 2567 427 2620 esp.
454 2551 509 2603 3.
526 2578 606 2592 —·
633 2549 720 2603 Ita
747 2549 1114 2621 rescripsimus
1132 2567 1203 2603 ex
1380 2569 1402 2604 ι
1418 2570 1467 2605 2.
1486 2550 1560 2601 A!
1576 2569 1664 2602 nos
1679 2554 1841 2620 priore
1862 2547 2004 2603 libo-o.
2030 2533 2324 2609 Superiore-

158 2628 297 2681 cod.
322 2630 447 2701 neg.
468 2648 497 2683 ι
515 2668 530 2693 ,
563 2647 732 2699 quum
747 2631 1202 2702 priuslegeretur,
1290 2630 1385 2683 lib.
1409 2631 1627 2693 xvm,
1655 2634 1751 2697 76,
1783 2642 1837 2682 et
1865 2630 1992 2681 alias
2011 2630 2224 2699 passim.
2249 2630 2320 2681 H.

158 2710 257 2761 sed
268 2728 471 2779 passum
490 2722 735 2782 tumque
752 2703 775 2777 (
790 2709 934 2782 apud
954 2712 1199 2765 Gronov.
1378 2728 1401 2763 t
1417 2712 1483 2780 3.ῃ
1500 2710 1698 2762 Favisse
1719 2729 1906 2780 poenas.
1946 2710 2063 2761 Hoc
2109 2721 2186 2762 est
2205 2748 2221 2773 ‚
2261 2728 2320 2761 ea

158 2803 217 2841 et
246 2786 459 2851 alios‘).
497 2788 873 2860 Adstipulatur
900 2791 950 2843 ei
986 2790 1201 2844 lectioni
1293 2792 1437 2843 ultro
1466 2808 1736 2855 erescere,
1784 2809 1902 2861 qum
1946 2791 2236 2861 gignuntur
2265 2789 2322 2840 in

158 2868 435 2939 Apuleius
464 2869 521 2921 in
554 2869 648 2922 lib.
684 2868 753 2922 de
779 2869 1031 2923 remediis
1067 2871 1203 2923 salu·
1288 2871 1570 2929 hominum
1597 2888 1828 2941 posnam.
1857 2869 2040 2923 Hnm.

154 2949 403 3013 taribus,
444 2968 607 3020 quem
658 2950 941 3003 Salmasius
986 2968 1203 3023 quoque
1379 2956 1468 3015 14.
1521 2950 1732 3004 Nolenee
1769 2950 1824 3001 id
1849 2948 1984 3019 fieri.
2039 2950 2118 3001 Ita
2165 2950 2320 3003 MSS.

152 3028 333 3090 vidit,
366 3030 425 3082 in
450 3029 758 3101 Solimpng.
790 3034 922 3083 261.
947 3030 1035 3085 sie
1056 3031 1201 3083 enirn
1291 3050 1494 3086 omnes.
1540 3030 1681 3094 Alii,
1721 3031 1908 3081 nolente
1951 3030 2008 3081 e‘d
2045 3034 2154 3081 seri.
2201 3030 2271 3081 Η.

154 3109 477 3163 Pliniauum
558 3110 737 3163 locum'
804 3111 951 3163 hunc
1027 3122 1201 3165 totum
1381 3110 1468 3164 15.
1504 3112 1618 3163 Urit
1644 3129 1834 3181 agrum.
1861 3107 2004 3162 Vide
2041 3126 2160 3179 quse
2187 3107 2326 3161 dixi-

146 3188 485 3260 compilavit
520 3208 535 3243 ε
569 3212 590 3233 ι
630 3191 801 3243 Parvo
844 3210 973 3262 ergo
1004 3191 1204 3243 semine
1293 3209 1443 3254 mus,
1485 3191 1686 3255 xvn,
1731 3208 1782 3261 7.
1823 3190 2001 3241 fluo.

142 3270 439 3335 nascitur,
484 3268 631 3340 quod
690 3272 875 3323 orbem
938 3283 1203 3324 terrarum
1373 3272 1450 3324 11.
1503 3289 1551 3323 1.
1593 3270 1812 3335 Seritur,
1836 3268 2072 3321 sabulosis
2098 3271 2323 3321 maxime.

140 3350 311 3401 ultro
333 3350 585 3420 eiu-oque
610 3364 821 3421 portet,
869 3363 979 3403 tam
1020 3351 1203 3421 gracili
1291 3349 1482 3420 Pingui
1517 3362 1569 3402 et
1609 3350 1730 3402 laeto
1775 3350 1924 3413 solo,
1971 3346 2280 3401 humidiore
2309 3388 2326 3413 ,

142 3448 374 3495 avena,
414 3443 526 3483 tam
562 3448 673 3482 non
706 3432 810 3483 alte
837 3450 865 3483 a
900 3432 1087 3484 tellure
1114 3448 1203 3483 su·
1291 3450 1401 3482 non
1442 3430 1672 3483 sitiente.
1699 3428 1913 3483 Colum.
1947 3428 2046 3481 lib.
2076 3430 2163 3493 11,
2205 3446 2321 3501 cap.

136 3510 302 3562 blata
342 3530 363 3566 ε
402 3528 503 3563 nec
538 3510 740 3563 viribus
796 3513 902 3564 suis
962 3528 1159 3563 nexum
1185 3546 1203 3571 ‚
1300 3530 1385 3564 ro.
1424 3509 1782 3580 Pinguissimo
1815 3508 1973 3571 loeo,
2010 3522 2062 3561 et
2115 3506 2328 3562 modice

130 3587 245 3643 sed
324 3590 563 3643 fractum
638 3602 957 3663 tusamque,
1020 3602 1073 3643 et
1146 3591 1203 3645 in
1292 3589 1549 3655 humido,
1583 3588 1781 3644 pallad.
1807 3590 1915 3654 xl,
1946 3608 1994 3642 ι.
2019 3590 2222 3642 Dauo.
2248 3620 2328 3632 ——

134 3670 455 3722 mollitiem
498 3670 631 3722 lanae
669 3684 930 3723 eoactum.
968 3697 991 3719 ι
1052 3671 1123 3723 Η.
1294 3670 1561 3723 Sabulosis.
1622 3670 1737 3722 Nec
1801 3686 2042 3723 macrum
2083 3669 2328 3739 respuit,

234 3768 337 3804 ιο.
370 3752 464 3803 Eo
490 3754 753 3820 pervenire.
789 3752 865 3804 Ut
892 3768 1089 3823 nempe
1114 3769 1205 3803 or·
1294 3751 1469 3823 inquit
1507 3750 1838 3813 Columella,
1877 3748 1982 3803 loc.
2021 3750 2115 3803 eit.
2157 3750 2222 3802 H.

127 3832 271 3881 bem
306 3844 589 3883 terrarum
629 3832 714 3883 vel
747 3831 823 3883 sic
864 3829 1005 3884 ultro
1040 3831 1207 3883 citro·
1383 3851 1434 3884 π.
1464 3831 1669 3904 Ueroque
1693 3832 1841 3883 sulco.
1863 3831 2031 3883 Terra
2059 3830 2140 3882 vel
2169 3829 2330 3882 semel

126 3929 247 3982 que
286 3922 504 3981 portet.
530 3909 715 3963 Hsnn.
1300 3924 1460 3964 arata.
1489 3910 1675 3965 Hsnn.
1757 3934 1764 3941 ·

226 4009 255 4043 t
278 4010 337 4044 ι.
392 3990 599 4042 Dictum
628 4010 717 4043 suo
756 3992 878 4044 loco.
912 3990 1034 4044 Lib.
1062 3992 1175 4043 VH
1196 4030 1210 4051 ,
1382 3992 1435 4045 3.
1468 3991 1593 4043 Vere
1612 4004 1786 4043 satum.
1811 3989 2030 4071 Grstius
2045 3988 2098 4041 in
2121 3987 2330 4057 Cyneg.

126 4090 263 4141 cap.
308 4072 397 4140 57
427 4089 442 4123 ε
480 4096 505 4119 ι
539 4070 675 4125 Vela
694 4072 904 4137 Icarus,
922 4073 1122 4125 malum
1158 4084 1212 4124 et
1303 4091 1355 4123 v.
1384 4072 1484 4141 57:
1522 4100 1543 4118 ι
1567 4070 1777 4124 Idcirco
1799 4083 1850 4123 et
1877 4069 2076 4139 primas
2097 4068 2334 4120 tinorum

126 4164 465 4205 antennam
511 4150 759 4205 Dudalus
784 4152 985 4207 invenit
1003 4192 1017 4215 ,
1048 4164 1151 4205 ete.
1182 4178 1203 4197 ·
1308 4164 1521 4221 tangere
1548 4168 1743 4203 messes
1771 4151 1907 4202 Ante
1939 4161 2115 4201 vetant
2135 4187 2149 4214 ‚
2177 4164 2338 4219 quam

1945 4243 2080 4326 23⁴
