3150 5150
951 529 1270 597 LIBER
1330 531 1636 599 XVIII.
2214 529 2351 603 185

264 671 318 725 et
341 656 714 750 provincias.
750 659 886 726 Sex
916 656 1166 728 domini
1209 660 1544 729 semissem
1567 659 1617 698 ¹⁹
1641 659 1881 730 Africae
1902 661 2355 754 possidebant,

263 787 434 856 quum
487 763 825 836 interfecit
883 789 998 834 eos
1058 767 1238 834 Nero
1305 767 1616 860 princeps
1659 794 1675 835 :
1738 792 1874 837 non
1892 764 1943 790 ²⁰
1986 766 2357 838 fraudando

265 868 677 964 magnitudine
708 870 844 940 hac
872 893 1139 965 quoque
1174 895 1294 940 sua
1325 874 1450 942 Cn.
1482 874 1840 968 Pompei0,
1866 876 1979 968 qui
2012 899 2355 969 nunquam

264 1000 456 1069 agrum
493 991 834 1047 mercatus
858 993 961 1048 est
996 978 1500 1047 conterminum.
1535 980 1719 1074 Agro
1754 977 2353 1074 empt0²½d0mum

265 1081 667 1171 vendendam,
714 1082 1152 1154 inclementer
1191 1099 1388 1180 atque
1429 1109 1567 1154 non
1620 1109 1704 1154 ex
1767 1085 2045 1155 utilitate
2104 1086 2354 1181 publici

265 1203 432 1260 status
469 1192 676 1285 Mago
713 1193 1010 1280 censuit,
1049 1191 1182 1280 hoe
1234 1191 1508 1260 exordio
1549 1206 1877 1287 praecepta
1913 1191 2203 1286 pandere
2244 1195 2354 1261 in-

267 1318 516 1389 gressus,
569 1311 646 1367 ut
721 1311 950 1369 tamen
1010 1311 1328 1392 appareat
1395 1297 1847 1367 assiduitatem
1917 1298 2353 1369 desideratam

269 1401 332 1470 ab
356 1427 440 1472 eo.

345 1509 586 1581 Dehine
621 1511 868 1606 peritia
890 1507 1264 1580 villicorum
1293 1513 1363 1581 in
1396 1534 1557 1581 cura
1581 1509 1889 1580 habenda
1928 1525 2067 1598 est3
2112 1509 2351 1580 multa·
2390 1532 2423 1588 4

268 1639 368 1708 que
399 1615 476 1686 de
509 1618 588 1687 iis
623 1621 806 1688 Cato
825 1619 875 1646 ²²
912 1618 1244 1713 praecepit.
1273 1618 1488 1688 Nobis
1530 1619 1687 1688 satis
1723 1619 1809 1687 sit
1846 1617 2113 1704 dixisse,
2155 1599 2357 1712 quam

269 1724 598 1814 proximum
609 1712 660 1752 '³
693 1723 976 1794 domino
1001 1723 1204 1794 corde
1229 1749 1370 1794 esse
1387 1724 1631 1794 debere
1651 1778 1671 1810 ,
1708 1738 1776 1793 et
1801 1738 2025 1794 tamen
2060 1724 2356 1795 sibimet·

271 1829 364 1922 ipsi
397 1855 522 1898 non
569 1831 816 1900 videri.
852 1829 1000 1901 coli
1031 1855 1188 1900 rura
1223 1831 1308 1899 ab
1352 1829 1698 1926 ergastulis
1728 1831 2085 1925 pessimum
2113 1844 2213 1899 est
2232 1883 2250 1916 ‚
2291 1844 2361 1899 et

269 1934 538 2030 quidquid
595 1938 831 2033 agitur
869 1963 910 2006 a
952 1936 1469 2031 desperantibus.
1531 1939 1985 2006 Temerarium
2053 1936 2359 2005 videatur

271 2063 430 2110 unam
462 2067 705 2114 vocem
739 2045 1158 2138 antiquorum
1186 2046 1514 2137 posuisse,
1553 2058 1623 2112 et
1655 2042 1945 2113 fortassis
1975 2041 2361 2111 incredibile

275 2150 487 2237 penitus
512 2140 946 2220 aestimetur²⁴
975 2176 990 2217 ε
1031 2149 1215 2219 Nihil
1247 2152 1464 2219 minus
1496 2149 1847 2243 expedire,
1886 2173 2087 2243 quam
2124 2173 2361 2243 agrum

271 2255 476 2347 optime
519 2255 768 2327 colere.
809 2259 888 2326 L.
927 2244 1224 2325 Tarius²⁵
1266 2255 1484 2326 Rufus
1523 2255 1753 2324 infima
1788 2255 2102 2324 natalium
2142 2255 2358 2325 humi·
2398 2273 2428 2325 5

336 2493 411 2544 ¹9·
457 2475 712 2530 Senium
754 2477 967 2544 Asn'coe.
1017 2473 1252 2530 Mediam
1339 2475 1538 2530 rustico
1550 2472 1754 2546 praedio
1776 2491 1889 2528 non
1910 2473 2011 2528 erit
2031 2491 2193 2544 opus,
2224 2485 2359 2527 etc.»

273 2554 426 2611 Attice
441 2567 642 2629 pai-tem
655 2596 676 2619 ‚
700 2557 804 2611 hoe
829 2569 940 2623 est,
957 2556 1254 2627 Zeugitana
1342 2556 1531 2610 Hnm.

275 2638 484 2707 κεὶσαίε,
503 2637 570 2693 de
591 2657 706 2711 qua
725 2636 935 2691 dictum
959 2648 1036 2690 est
1065 2638 1162 2690 lib.
1181 2637 1255 2701 V,

273 2732 362 2785 rap.
381 2715 428 2771 3.
454 2719 644 2773 Hau).

334 2814 406 2849 ao.
451 2797 566 2851 Non
615 2796 922 2867 fraudando.
965 2794 1258 2850 Familiaris

271 2876 476 2945 scriptori
509 2892 704 2933 nostro
741 2876 994 2949 loquendi
1028 2876 1220 2929 modus
1237 2893 1255 2929 ε

275 2954 332 3007 :ic
351 2957 491 3026 paulo
509 2971 642 3013 ante
656 2997 675 3024 ‚
705 2975 824 3027 eap-
853 2956 882 3010 5
899 2995 914 3019 ‚
951 2976 1048 3009 non
1067 2959 1258 3027 ingrate

277 3038 517 3091 non-haudo
557 3039 640 3093 M.
685 3038 948 3103 Varrone,
997 3049 1097 3091 etc.
1131 3038 1256 3102 Quo

276 3112 386 3177 loeo,
421 3117 633 3190 inquit,
678 3115 914 3172 fraudari
949 3136 1061 3171 non
1099 3115 1260 3169 debet

273 3197 424 3265 merita
444 3197 606 3253 laude
636 3196 918 3269 Pompeius
936 3234 953 3261 ,
981 3209 1080 3249 etc.
1109 3194 1177 3248 H.

337 3294 416 3330 ιι.
444 3280 591 3349 Agm
617 3289 792 3349 empto.
839 3276 1161 3337 Columella,
1194 3276 1257 3336 1,

273 3372 367 3425 cap.
379 3374 400 3409 ι
417 3376 431 3410 =
450 3386 472 3406 ι
485 3360 604 3413 Nisi
627 3356 908 3429 presentia
928 3352 1135 3407 domini
1150 3356 1257 3409 fre·

271 3452 410 3505 quem
427 3440 680 3511 operibus
708 3434 1080 3501 intervenerit,
1112 3447 1176 3487 ut
1197 3435 1257 3487 in

271 3518 472 3571 exercitu
513 3536 684 3589 quum
726 3518 875 3571 abest
928 3515 1218 3586 imperator
1239 3550 1258 3579 ,

271 3609 428 3664 mota
459 3610 659 3653 cessant
690 3596 886 3649 officia.
914 3594 1255 3666 Maximeque

270 3692 375 3729 reor
389 3678 490 3731 boe
507 3676 890 3749 significantem
910 3675 1132 3728 Poenum
1145 3674 1258 3727 Ma-

269 3770 434 3822 gonem
447 3794 466 3823 ,
507 3775 726 3811 suorum
779 3755 1098 3825 scriptorum
1142 3752 1256 3825 pri·

269 3834 510 3891 unm-dium
549 3837 744 3891 talibus
783 3834 1107 3906 auspicatum
1139 3852 1259 3887 sen·

271 3916 424 3969 tentii-
437 3918 566 3984 :Qui
580 3934 767 3989 agrum
785 3914 994 3985 parabit
1003 3952 1020 3977 ‚
1035 3912 1260 3967 domum

270 3993 440 4049 vendat
462 4016 475 4051 :
497 4016 565 4051 ne
587 3996 737 4051 malit
785 3994 1074 4057 urbanum,
1099 4010 1259 4065 quam

271 4075 501 4131 rusticum
535 4078 696 4130 larem
735 4074 948 4130 colere:
977 4075 1062 4129 cui
1091 4072 1257 4143 magis

273 4152 402 4211 cordi
429 4156 577 4211 fuerit
605 4157 872 4211 urbanum
907 4152 1258 4217 domicilium,

1427 2655 1518 2691 υ.
1555 2635 1684 2690 Cato
1715 2638 1962 2705 proeeepie.
1994 2635 2160 2687 Libro
2186 2632 2256 2686 de
2287 2634 2365 2685 ne

1343 2718 1500 2770 Rust.
1529 2734 1647 2786 αφ.
1680 2716 1733 2769 5.
1765 2715 1949 2768 Halm.

1429 2795 1519 2849 23.
1538 2796 1703 2866 Quam
1715 2797 1983 2865 proximum
2002 2793 2195 2845 domino
2204 2792 2365 2845 corde.

1343 2876 1538 2930 Peritia
1572 2894 1732 2947 quam
1777 2874 2106 2926 simillimum
2147 2871 2368 2925 domino

1343 2974 1454 3011 esse
1475 2954 1689 3009 debere.
1718 2955 1935 3023 Egregie
1959 2952 2183 3005 cordatus
2208 2952 2367 3013 homo,

1343 3036 1549 3109 egregie
1576 3034 1795 3105 peritus.
1820 3032 2039 3105 Optime
2060 3031 2195 3084 scire
2208 3048 2369 3102 opor·

1346 3129 1421 3170 tet
1444 3114 1689 3168 villicum
1707 3154 1721 3174 ,
1764 3130 1883 3183 quae
1925 3109 2175 3163 dominus
2198 3110 2329 3164 velit
2349 3147 2366 3176 ,

1346 3207 1407 3251 ut
1432 3193 1786 3263 obsequatur,
1808 3204 1862 3245 et
1876 3190 2046 3261 possit
2070 3188 2188 3241 aliis
2225 3206 2367 3258 prm-

1345 3276 1556 3346 cipere:
1575 3284 1812 3325 ettamen
1835 3268 2151 3339 sibimetipsi
2172 3260 2283 3321 nbn
2292 3270 2370 3322 vi·

1344 3352 1492 3407 deri:
1513 3352 1621 3404 hoe
1642 3364 1723 3404 est
1746 3347 1891 3422 quod
1918 3350 2051 3403 Cato
2076 3366 2123 3401 e.
2146 3366 2180 3398 v
2202 3348 2364 3403 dicit:

1352 3459 1376 3481 ι
1395 3433 1482 3485 Ne
1523 3431 1645 3501 plus
1670 3441 1878 3484 censeat
1900 3446 2081 3500 sapere
2102 3446 2181 3493 se,
2206 3447 2369 3500 quam

1344 3512 1630 3567 dominum
1654 3529 1671 3569 z
1698 3508 2131 3580 oonsideretque,
2158 3520 2220 3562 ut
2244 3526 2365 3578 qum

1344 3591 1597 3647 dominus
1622 3588 1994 3659 imperaverit,
2020 3588 2173 3642 fiant.
2194 3614 2218 3635 ι
2244 3588 2312 3640 Η.

1427 3678 1518 3737 24.
1546 3672 1624 3724 Et
1629 3670 1863 3737 fortassis
1881 3668 2155 3721 &audibile
2173 3671 2369 3738 penitus

1343 3756 1651 3806 existimetur.
1695 3750 1867 3821 Lege,
1890 3749 2121 3816 fhreassis
2162 3748 2371 3800 incndi-

1347 3832 1442 3886 be'le
1457 3844 1512 3885 ue
1526 3833 1717 3902 penitus
1742 3832 2039 3882 existimetur
2057 3866 2073 3892 ,
2102 3846 2166 3880 ex
2194 3839 2370 3879 vetere

1347 3911 1655 3983 exempiari.
1694 3911 1900 3963 Dutc-
1924 3940 2005 3952 —
2024 3907 2115 3960 Sic
2150 3903 2373 3959 edidere

1350 3994 1517 4047 Gron.
1547 4003 1603 4045 et
1624 3989 1709 4042 Al.
1732 4001 1855 4042 ante
1878 3984 2043 4040 Hard.
2066 3986 2172 4038 En.

1429 4073 1521 4125 25.
1550 4073 1613 4124 L.
1630 4072 1810 4123 Tarius.
1826 4068 2001 4135 Rufus.
2026 4066 2155 4137 Ejus
2174 4064 2231 4117 in
2250 4082 2375 4116 con·

1346 4150 1651 4205 demnando
1677 4144 1945 4219 parricida
1972 4145 2084 4199 filio
2106 4144 2375 4200 mitiorem
