3150 5150
722 551 726 554 ’
822 588 1123 662 LIBER
1188 580 1487 656 xv111.
2094 613 2230 685 277

184 721 385 788 LIV.
404 708 961 812 (xxw.)Semen‘
994 723 1317 816 optimum
1343 772 1362 806 ,
1383 717 1800 807 anniculum,
1836 720 2085 791 bimum
2119 724 2229 793 de·
2274 757 2296 791 ι

73 827 339 910 teriuS,
374 827 637 895 trimum
669 828 1061 920 pessimum,
1088 824 1264 895 ultra
1301 825 1537 895 sterile.
1559 829 1649 895 Et
1682 828 1749 895 in
1778 851 1911 895 uno
1936 831 2232 897 omnium

64 928 366 1001 definita
400 955 638 1027 genere
678 934 864 1002 ratio»
883 948 1022 1003 est:
1069 932 1248 1027 quod
1279 934 1345 1000 in
1382 931 1544 1000 ima²
1590 957 1744 1002 area
1774 932 2103 1019 subsedit,
2147 936 2233 1004 ad
2324 977 2331 983 ·

68 1061 322 1107 semen
360 1037 827 1107 reservandum
860 1054 976 1109 est.
1018 1038 1100 1107 Id
1131 1040 1307 1109 enim
1335 1040 1662 1134 optimum
1687 1092 1706 1125 ‚
1743 1040 2056 1132 quoniam
2089 1065 2234 1136 gra-

69 1143 438 1212 vissimum
465 1170 481 1212 :
526 1169 737 1238 neque
769 1142 898 1216 alio
926 1145 1127 1215 modo
1158 1144 1379 1214 utilius
1413 1144 1830 1214 discernitur.
1855 1146 2025 1235 Quae
2048 1150 2229 1242 spica

71 1273 199 1341 per
248 1248 602 1319 intervalla
638 1253 889 1320 semina
924 1251 1226 1335 habebit,
1267 1250 1630 1345 abjicietur.
1678 1252 2025 1344 Optimum
2074 1278 2227 1347 gra·

68 1341 290 1423 num³
342 1355 522 1451 quod
572 1356 793 1444 rubet,
850 1373 918 1427 et
958 1358 1262 1427 dentibus
1298 1356 1625 1442 fractum,
1672 1357 1978 1426 eumdem
2027 1358 2232 1428 habet

71 1460 389 1531 colorem
421 1489 438 1531 ε
473 1461 758 1533 deterius
780 1517 799 1549 ‚
827 1462 1116 1560 cui-plus
1142 1465 1321 1533 intus
1357 1461 1486 1532 albi
1515 1476 1631 1532 est.
1666 1451 1982 1533 Certum⁴
2018 1478 2228 1534 terras

71 1565 240 1636 alias
292 1565 449 1663 plus
490 1570 756 1639 seminis
791 1556 1145 1666 recipere⁵‚
1198 1568 1356 1639 alias
1399 1570 1614 1638 minus
1649 1594 1664 1635 ε
1717 1567 2228 1665 religiosumque

75 1672 232 1741 inde
285 1676 583 1768 primum
617 1674 865 1746 colonis
905 1678 1253 1771 augurium
1274 1661 1323 1760 ⁶,
1364 1700 1568 1770 quum
1615 1674 1870 1744 avidius
1914 1678 2227 1771 accipiat,

73 1780 348 1849 esurire
388 1780 713 1869 creditur,
740 1796 807 1851 et
846 1807 1138 1853 comesse
1177 1806 1418 1851 semen.
1462 1783 1796 1851 Sationem
1828 1780 1989 1851 locis
2021 1783 2232 1852 humi-

74 1884 173 1954 dis
229 1885 526 1956 celerius
565 1886 711 1956 fieri
769 1890 940 1958 ratio
994 1903 1127 1975 est,
1180 1913 1264 1957 ne
1310 1912 1534 1967 semen
1588 1888 1796 1956 imbre
1848 1902 2228 1984 putrescat:

75 2094 170 2147 per
194 2094 256 2129 se
306 2090 501 2148 tepens
532 2078 880 2145 siccitatibus,
904 2080 1007 2133 hoc
1031 2099 1113 2133 as-
1202 2079 1569 2148 amfractum,
1598 2079 1815 2133 exhibet
1831 2079 1941 2131 dein
1951 2081 2106 2148 fraer.
2125 2082 2230 2135 Eo.

74 2169 306 2227 sumpto
341 2157 568 2228 largiore
609 2169 873 2212 torretur:
898 2172 1115 2230 propter
1144 2171 1149 2178 “
1285 2159 1337 2213 3.
1367 2160 1614 2231 Optimum
1641 2178 1865 2229 granum,
1896 2159 2191 2214 Columella
2211 2200 2229 2226 ,

73 2235 223 2306 quod
246 2254 361 2289 nee
381 2235 559 2290 deesse
575 2239 625 2290 ei
647 2238 804 2290 talem
825 2239 1115 2305 materiam,
1200 2240 1296 2293 lib.
1338 2240 1394 2292 11
1410 2280 1428 2302 ,
1461 2257 1580 2308 cap.
1628 2257 1661 2308 9
1686 2256 1700 2292 τ
1727 2260 1750 2282 ·
1767 2238 2008 2292 Granum
2047 2253 2226 2294 autem

75 2334 174 2367 nec
195 2335 485 2387 superesse
514 2329 741 2389 oportet.
769 2344 793 2366 ι
825 2319 1009 2372 Hnn.
1199 2319 1451 2385 rutilum,
1494 2318 1539 2371 si
1590 2336 1756 2389 quum
1800 2316 2062 2372 diffissum
2108 2333 2224 2386 est,

153 2397 315 2449 LIV.
364 2416 413 2450 1.
443 2394 501 2450 S.
530 2402 773 2468 optimum.
797 2399 924 2451 Haec
938 2399 1116 2451 Theo-

75 2474 372 2543 phrastus,
397 2475 533 2529 Hist.
564 2478 657 2530 lib.
685 2478 855 2543 VIII,
880 2496 995 2548 cap.
1026 2497 1049 2531 1
1066 2496 1115 2531 1.

75 2556 284 2609 Eadem
316 2556 482 2610 habet
510 2571 695 2612 auctor
718 2557 888 2629 Geop.
914 2557 1009 2611 lib.
1034 2558 1118 2625 11,

77 2655 196 2705 cap.
233 2644 331 2699 14.
368 2634 549 2691 ffinn.

162 2736 214 2767 a.
252 2715 418 2785 Quod
439 2720 491 2768 in
515 2720 628 2768 ima.
663 2717 878 2771 Tractat
904 2718 1009 2772 hoc
1036 2717 1118 2770 di-

77 2807 218 2847 serte
252 2795 600 2860 Columella,
630 2796 725 2850 lib.
756 2797 860 2858 11..
887 2816 1003 2869 cap.
1034 2816 1067 2867 9
1098 2816 1114 2849 z

82 2903 105 2923 ι
127 2876 423 2945 Optimam
442 2894 708 2948 quamque
733 2877 926 2947 spicam
946 2878 1119 2948 legere

76 2967 317 3025 oportet.
337 2994 353 3008 .
373 2995 389 3008 .
416 2969 470 3008 et
493 2974 700 3025 semper
728 2954 875 3026 quod
896 2969 1120 3028 propter

78 3033 517 3105 magnitudinem
528 3053 588 3088 ac
597 3033 870 3105 pondusin
884 3034 992 3088 imo
1000 3037 1120 3089 sub-

78 3113 285 3166 sederit
308 3156 325 3176 ,
359 3112 429 3166 ad
453 3133 632 3168 semen
659 3113 1052 3168 reservandum.
1070 3154 1115 3168 ..

77 3195 278 3264 Neque
303 3194 450 3245 enim
476 3188 698 3247 dubium
728 3207 836 3259 est,
862 3213 925 3247 ex
952 3197 1119 3247 robu-

75 3288 156 3327 sto
172 3275 391 3325 semine
403 3291 554 3344 posse
566 3273 683 3325 fleri
696 3292 805 3326 non
825 3276 1117 3330 robustum:

76 3351 234 3424 quod
266 3371 405 3405 vero
430 3353 674 3424 protinus
697 3353 832 3406 exile
852 3366 1033 3407 natum
1056 3354 1121 3407 sit

76 3450 391 3503 numquam
422 3432 591 3485 robur
633 3434 872 3504 accipere
898 3433 1120 3487 manife-

76 3526 221 3565 stum
252 3524 360 3565 est.
386 3511 624 3583 Ideoque
643 3512 932 3582 Virgilius,
954 3530 1118 3583 quum

75 3605 130 3643 et
156 3591 266 3644 alia
285 3631 305 3655 ,
342 3605 462 3644 tum
500 3605 553 3644 et
598 3592 702 3644 hoc
734 3591 802 3644 de
831 3592 1122 3645 seminibus

75 3673 349 3741 praeclare
377 3669 628 3724 disseruit
656 3690 669 3722 ε
703 3669 831 3723 vidi
859 3690 956 3742 ego
987 3670 1123 3725 lecta

72 3751 174 3802 diu
197 3790 215 3812 ,
251 3763 313 3802 et
337 3752 508 3803 multo
534 3763 761 3822 spectata
788 3751 987 3813 labore,
1015 3753 1121 3804 De-

72 3849 353 3901 generare
404 3844 579 3883 tamen
609 3871 625 3896 ,
670 3830 729 3883 ni
779 3830 857 3883 vis
890 3830 1121 3885 bumana

71 3911 385 3980 quotannis
425 3911 658 3964 Maxima
702 3929 923 3982 quoque
961 3929 1121 3963 manu

71 3991 335 4060 legeret:
370 3990 446 4042 sic
491 3991 670 4042 omnia
717 3991 835 4044 satis
866 3991 930 4042 In
973 3992 1123 4060 pejus

71 4088 272 4129 ruere.
310 4087 376 4121 ac
399 4083 544 4122 retro
585 4071 827 4141 sublapsa
857 4070 1060 4123 referri.
1093 4096 1116 4117 ι

73 4150 275 4201 nnn.
315 4179 397 4187 -—
432 4149 752 4202 Πίστει-πέτην.
787 4151 909 4202 Vet.
943 4150 1120 4202 Dalec.

73 4228 201 4281 cod.
239 4229 583 4297 dispergitur,-
630 4241 681 4282 et
724 4249 844 4282 mox
881 4249 977 4300 pro
1005 4229 1122 4280 den·

1199 2397 1450 2452 eumdem
1494 2396 1730 2451 colorem
1775 2398 2083 2451 interiorem
2131 2400 2228 2453 ha-

1199 2480 1319 2543 bet,
1343 2478 1611 2549 integrum
1629 2495 1739 2530 esse
1769 2496 1878 2530 non
1897 2475 2224 2533 dubitamus.

1201 2556 1365 2626 Quod
1414 2558 1737 2612 extrinsecus
1787 2555 2023 2612 albidum
2042 2599 2058 2626 ,
2085 2558 2229 2614 intus

1202 2641 1355 2693 etiam
1385 2637 1719 2709 conspicitur
1748 2636 2035 2691 candidum
2053 2677 2072 2703 ,
2112 2640 2230 2693 leve

1205 2737 1264 2772 ac
1289 2737 1485 2771 vanum
1512 2716 1739 2787 intelligi
1767 2697 1956 2781 debet,
1989 2732 2092 2772 etc.
2111 2746 2137 2766 ι-
2155 2719 2227 2772 Η.

1287 2805 1340 2861 4.
1372 2797 1566 2851 Certum
1594 2808 1761 2849 terras.
1789 2797 2197 2868 Theophrastus
2212 2837 2230 2862 ,

1175 2908 1177 2910 v
1206 2878 1405 2931 Histor.
1436 2877 1534 2930 lib.
1560 2877 1868 2947 VIILcap.
1901 2880 1958 2929 6.
1985 2878 2054 2932 H.

1288 2959 1339 3011 5.
1374 2957 1494 3008 Plus
1535 2961 1725 3008 seminis
1763 2961 1980 3026 recipere.
2014 2956 2227 3009 Colum.

1203 3038 1292 3102 11,
1326 3035 1412 3090 13.
1439 3038 1641 3089 Danao.

1287 3120 1341 3170 6.
1370 3116 1752 3186 Rele'ge'osumque
1783 3115 1892 3166 inde
1912 3118 2119 3184 primum
2145 3135 2228 3166 co·

1204 3197 1327 3247 lonis
1369 3200 1642 3264 augurium.
1690 3193 2043 3247 scribendum
2074 3212 2228 3258 reor,

1210 3301 1233 3322 a
1265 3274 1692 3345 Religiosumque
1733 3271 1790 3325 id
1837 3287 1890 3326 et
1940 3273 2228 3344 pessimum

1203 3354 1405 3406 colonis
1431 3354 1733 3423 augurium.
1759 3380 1780 3400 ι
1809 3352 2232 3424 Theophrastus,

1204 3433 1476 3496 lib.vn1,
1500 3452 1618 3504 cap.
1641 3436 1707 3485 6:
1742 3455 1763 3475 υ
1783 3433 2103 3504 Quanquam
2121 3431 2231 3487 dici

1205 3513 1368 3565 soleat
1388 3511 1514 3564 alias
1543 3513 1666 3583 plus
1684 3552 1699 3575 ,
1729 3513 1857 3565 alias
1890 3512 2064 3565 minus
2084 3531 2231 3566 eam-

1204 3590 1328 3645 dem
1354 3591 1591 3662 recipere
1618 3605 1873 3661 segetem,
1896 3592 2232 3664 infaustoque

1206 3671 1426 3742 augurio
1451 3671 1664 3741 capiant
1683 3689 1849 3742 quum
1870 3673 1990 3741 plus
2017 3691 2231 3743 recepe·

1204 3752 1292 3804 rit.
1319 3750 1540 3803 Terram
1562 3752 1706 3804 enim
1731 3751 1932 3805 esurire
1957 3763 2118 3822 atque
2139 3753 2233 3805 esi-

1208 3844 1318 3884 tare
1366 3832 1613 3901 protinus
1644 3849 1822 3883 semen
1856 3831 2168 3884 existimant.
2201 3857 2224 3878 ι

1205 3908 1375 3964 Addit
1418 3923 1593 3964 autem
1640 3910 1910 3981 exemplar
1957 3911 2231 3982 antiquum

1208 3991 1431 4043 verbum
1485 3991 1674 4043 videtur
1695 4011 1716 4052 ,-
1759 4016 1782 4038 ι
1812 3991 2139 4060 Religiosum
2179 3988 2233 4042 id

1211 4069 1418 4123 videtur
1433 4109 1450 4135 ,
1480 4083 1532 4122 et
1555 4070 1840 4141 pessimum
1856 4107 1872 4133 ,
1896 4083 1996 4122 etc.
2019 4094 2043 4116 ο
2073 4069 2234 4123 Pur.

1212 4183 1291 4192 —
1325 4150 1728 4221 Religiosumque.
1768 4148 1928 4201 Ridet
1954 4146 2011 4200 id
2048 4149 2243 4201 merito

1213 4230 1610 4297 Theophrastus
1633 4269 1648 4292 ‚
1678 4230 1782 4281 loc.
1812 4228 1900 4280 cit.
1940 4229 2118 4280 nnn.

1806 4324 1949 4405 ηδ’
