3150 5150
1189 477 1325 544 DE
1388 476 1664 544 OPIO.
2345 471 2488 554 643

362 595 522 662 penis
556 593 915 658 erectionem,
954 596 1159 648 somnia
1186 613 1401 650 venerea
1426 636 1443 658 ,
1469 607 1525 648 et
1560 595 1616 646 in
1652 611 1838 646 somno
1865 592 2078 646 seminis
2117 593 2450 644 emissionem
2474 631 2490 654 ,

356 681 507 732 cutis
537 683 789 734 ruborem
826 695 880 734 et
914 683 1211 753 pruritum,
1256 684 1421 735 urinae
1461 681 1780 754 profluvium
1803 717 1820 744 ,
1846 694 1897 734 et
1933 697 2335 751 nonnumquam
2365 697 2492 750 sup·

360 769 687 838 pressionem
713 764 953 833 inducit3
988 771 1111 824 licet
1138 770 1212 823 illi
1240 772 1460 824 effectus
1488 791 1598 824 non
1625 781 1923 822 constanter
1948 770 2348 840 subsequantur.

435 856 671 924 Quidam
700 877 826 911 vero
862 871 988 910 sunt
1029 859 1119 911 alii
1159 860 1383 912 effectus
1416 859 1596 913 minus
1641 859 1983 930 frequentes3
2007 855 2256 910 videlicet
2280 857 2492 926 fugaces

359 944 659 1016 paralyses,
713 948 999 1018 praesertim
1047 947 1232 1001 vesicae
1254 989 1271 1012 ,
1314 948 1570 1001 balbuties
1595 985 1610 1011 ,
1655 947 1874 1004 maxillae
1909 944 2172 998 inferioris
2207 944 2461 996 relaxatio
2480 983 2495 1005 ,

356 1030 629 1084 sudorum
656 1035 987 1105 suppressio,
1029 1035 1135 1086 alvi
1176 1034 1402 1098 solutio,
1447 1051 1707 1106 aquarum
1733 1032 2150 1106 hydropicorum
2188 1030 2492 1090 eumatio,

356 1130 427 1170 ut
446 1119 633 1173 Willis
656 1121 981 1186 observavit,
1005 1122 1236 1194 stuporis
1254 1134 1465 1175 artuum
1490 1141 1517 1174 a
1539 1123 1736 1194 frigore
1761 1132 1976 1174 externo
2002 1117 2248 1172 concitati
2269 1119 2499 1179 curatio,

354 1207 743 1262 suffocationes
762 1249 779 1276 ,
804 1211 1088 1264 anxietates
1123 1211 1263 1265 circa
1298 1209 1630 1282 precordia,
1661 1199 1952 1280 singultus,
1985 1206 2237 1268 vomitus,
2261 1225 2492 1278 spasmo-

357 1291 481 1344 diei
516 1307 720 1357 motus,
748 1315 1005 1369 syncopes
1040 1311 1093 1351 et
1116 1298 1475 1371 lipothymiae‚
1504 1309 1554 1350 et
1593 1297 1920 1370 quandoque
1951 1315 2119 1358 mors,
2155 1313 2278 1368 qna
2321 1307 2496 1348 tamen

354 1381 659 1444 rarissime,
686 1401 786 1436 nec
808 1383 909 1436 nisi
933 1385 990 1437 in
1023 1386 1340 1456 corporibus
1378 1405 1587 1438 summe
1613 1385 1944 1457 piet-hericis,
1969 1397 2063 1436 ant
2086 1384 2140 1435 in
2184 1382 2496 1452 corporibus

357 1487 571 1522 summe
590 1468 905 1536 debilitatis,
933 1487 985 1526 et
1006 1476 1115 1545 jam
1132 1493 1163 1526 a
1188 1475 1349 1545 longo
1371 1487 1608 1546 tempore
1631 1474 1910 1527 attenuatis
1935 1472 2126 1526 accidit
2148 1489 2162 1525 ς
2187 1470 2332 1524 unde
2359 1471 2497 1523 illius

356 1575 499 1610 usus
522 1569 643 1630 post
684 1577 926 1614 enormes
960 1561 1367 1634 homorrhagias
1410 1574 1501 1614 aut
1532 1581 1897 1634 quascumque
1933 1560 2260 1614 vacuationes
2307 1557 2498 1611 nimias

358 1646 681 1700 metuendus
710 1662 803 1702 est.
832 1651 879 1703 E
904 1661 1083 1704 contra
1130 1651 1263 1704 mira
1297 1650 1625 1723 quandoque
1661 1651 1851 1704 virium
1879 1663 1934 1704 et
1981 1650 2099 1702 vitai
2143 1648 2398 1702 recreatio
2439 1647 2491 1698 in

358 1733 689 1804 quibusdam
725 1737 1116 1803 semimortuis,
1144 1751 1205 1792 ut
1230 1740 1300 1792 its
1340 1737 1540 1800 dicam,
1570 1751 1623 1792 et
1648 1739 1717 1793 ad
1755 1751 1990 1792 extrema
2015 1737 2244 1790 redactis
2273 1734 2496 1806 percipi-

362 1831 470 1872 tur.
498 1821 893 1896 Nonnunquam
930 1827 1093 1878 etiam
1124 1825 1309 1898 opium
1350 1825 1554 1880 diutius
1599 1827 1654 1879 in
1700 1827 1991 1880 ventriculo
2029 1835 2267 1880 moratur
2297 1823 2496 1894 absque

366 1909 595 1974 effectu,
616 1911 929 1966 humoribus
955 1932 1144 1986 nempe
1171 1914 1351 1986 spissis
1378 1925 1430 1967 et
1456 1913 1666 1968 viscidis
1691 1913 2012 1967 involutum.

436 1996 689 2052 Cessante
716 2001 967 2054 narcotici
1003 2003 1336 2074 operatione,
1359 2002 1502 2068 hac,
1530 2015 1590 2058 ut
1617 2003 1933 2074 plurimum,
1953 2003 2388 2072 subsequuntur:
2415 2017 2494 2051 re-

364 2103 577 2156 gressus
600 2086 937 2142 affectionum
963 2103 1015 2142 et
1039 2089 1285 2144 dolorum
1310 2110 1432 2163 quie
1468 2090 1763 2152 sedaverat,
1793 2102 1843 2143 et
1861 2109 1998 2162 saepe
2013 2089 2314 2161 graviorum
2333 2104 2492 2156 quam

366 2183 549 2235 antea,
589 2173 687 2224 nisi
730 2174 995 2228 beneflcio
1032 2174 1247 2232 sudoris
1272 2191 1365 2230 eut
1400 2177 1509 2230 ulio
1539 2177 1702 2231 modo
1746 2196 1930 2231 eorum
1959 2172 2118 2229 causa
2148 2175 2217 2228 ab
2251 2177 2379 2244 opio
2406 2191 2498 2226 ex-

365 2259 519 2331 pulsa
555 2274 649 2314 sut
676 2261 851 2316 deleta
888 2265 1085 2329 fuerit3
1116 2266 1317 2330 sudor,
1354 2266 1479 2320 licet
1516 2285 1630 2319 non
1665 2285 1872 2338 semper
1905 2263 2282 2338 superveniat3
2316 2262 2497 2314 mietio

368 2349 617 2420 frequens
634 2387 651 2412 ,
679 2370 1061 2424 nonnunquam
1099 2355 1202 2407 alvi
1250 2355 1444 2407 solutio
1464 2393 1479 2416 ,
1525 2354 1732 2408 tristitia
1753 2393 1768 2416 ,
1807 2367 1860 2408 et
1901 2353 2179 2425 spirituum
2223 2350 2462 2404 defectus
2485 2387 2499 2409 ‚

366 2433 551 2506 pulsus
578 2435 864 2510 languidus
889 2458 950 2492 ac
972 2439 1283 2511 depressus,
1306 2442 1439 2494 cutis
1465 2442 1718 2514 pruritus.

438 2523 668 2579 Nimiam
697 2527 809 2598 opii
834 2526 1007 2582 dosim
1048 2541 1343 2602 sequuntur
1367 2529 1479 2583 fere
1514 2529 1678 2584 iidem
1712 2529 1970 2591 affectus,
2007 2529 2102 2602 qui
2127 2545 2158 2581 u
2187 2528 2298 2581 vini
2319 2525 2499 2597 ingur-

364 2613 624 2683 gitatione
662 2614 885 2688 produci
920 2616 1113 2675 solent.
1158 2616 1357 2671 scilicet
1390 2618 1555 2671 animi
1599 2618 1833 2671 hilaritas
1853 2656 1870 2681 ,
1895 2618 2035 2671 risus
2075 2613 2453 2671 immoderatus
2478 2649 2494 2674 ‚

365 2711 578 2755 artuum
618 2703 868 2758 relaxatio
909 2717 964 2757 et
1007 2703 1256 2758 debilitas
1284 2746 1301 2771 ,
1332 2706 1527 2759 mentis
1580 2706 1855 2770 alienatio,
1899 2704 2168 2759 memoria
2207 2703 2448 2757 desectus
2479 2739 2494 2763 ,

368 2789 653 2861 vertigines
677 2828 693 2853 ,
728 2790 1013 2844 oculorum
1042 2792 1322 2864 caligines,
1348 2810 1555 2845 cornea
1583 2792 1794 2856 laxitas,
1833 2792 2049 2864 pupilla
2083 2790 2324 2844 dilatatio
2343 2826 2360 2853 ,
2383 2788 2494 2840 hal·

363 2876 567 2946 huties,
592 2881 981 2951 sopor,pulsns
1003 2899 1223 2951 magnus
1248 2892 1300 2933 et
1332 2880 1541 2943 tardus,
1569 2881 1724 2935 faciei
1749 2882 1941 2943 rubor,
1976 2879 2195 2932 maxilla
2209 2878 2492 2937 relaxatio,

364 2964 633 3018 labiorum
658 2965 1087 3034 intumescentia,
1112 2967 1350 3039 spirandi
1388 2968 1702 3027 difficultas,
1743 2968 1930 3033 furor,
1963 2964 2246 3019 ventriculi
2291 2963 2455 3017 ardor
2477 3003 2492 3025 ,

364 3064 421 3104 et
452 3071 833 3123 nonnunquam
876 3054 1125 3124 gravitas,
1161 3067 1317 3108 astus
1356 3074 1640 3119 venereus,
1684 3055 2027 3126 prinpismus‚
2079 3053 2216 3105 cutis
2256 3052 2403 3105 calor
2435 3062 2494 3103 et

362 3140 629 3211 pruritus,
659 3158 877 3201 nausea,
904 3140 1197 3213 singultus,
1239 3140 1473 3194 vomitus
1493 3180 1511 3203 ,
1541 3142 1726 3211 pulsus
1760 3141 2050 3212 inequalis,
2078 3138 2242 3193 modo
2276 3137 2493 3210 depres-

364 3246 457 3281 sus
474 3265 489 3290 ,
518 3227 679 3281 modo
698 3229 865 3281 elatus
882 3266 897 3292 ,
926 3227 1295 3281 convulsiones
1314 3268 1329 3294 ,
1354 3227 1575 3282 sudores
1600 3227 1810 3299 frigidi,
1829 3246 2118 3301 syncopes,
2141 3226 2492 3299 lipothymioe,

366 3332 523 3367 mors.
550 3316 683 3381 Qun
725 3313 941 3387 quidem
983 3328 1336 3387 symptomata
1382 3334 1493 3369 non
1530 3333 1716 3369 omnes
1751 3316 1926 3369 omnia
1962 3313 2365 3387 aggrediuntur,
2398 3332 2493 3365 ne·

368 3420 473 3473 que
508 3403 699 3474 aquali
740 3403 1065 3458 vehementia
1095 3444 1112 3470 ,
1154 3402 1249 3456 sed
1294 3403 1425 3457 alios
1469 3402 1573 3456 alia·
1611 3404 1734 3475 plus
1775 3404 2018 3457 minusve
2054 3421 2157 3475 pro
2195 3401 2344 3456 varia
2375 3419 2492 3454 cor·

370 3488 515 3563 poris
548 3490 923 3545 constitutione
941 3530 957 3555 ,
981 3491 1092 3562 opii
1124 3490 1242 3545 dosi
1266 3490 1475 3545 diversa
1491 3527 1507 3554 ,
1534 3501 1588 3543 et
1611 3490 1728 3543 aliis
1756 3491 2182 3545 circumstantiis.

440 3578 546 3643 Qui
581 3597 689 3630 non
718 3590 965 3649 pereunt,
996 3578 1290 3631 liberantur
1313 3590 1373 3630 ut
1395 3578 1684 3648 plurimum
1731 3578 2002 3631 uberrimo
2040 3578 2146 3631 alvi
2186 3574 2450 3649 profluvio
2477 3615 2492 3639 ,

368 3666 449 3717 vel
480 3663 765 3719 sudoribus
806 3667 1028 3739 copiosis
1046 3703 1063 3729 ,
1091 3665 1187 3739 qui
1210 3665 1317 3737 opii
1352 3664 1573 3719 odorem
1611 3667 1878 3727 referunt,
1905 3684 2096 3739 magno
2123 3665 2258 3718 cutis
2279 3663 2489 3736 pruritu

366 3751 591 3823 stipatis.
627 3753 889 3824 Equidem
915 3752 1313 3809 observandum
1338 3766 1417 3807 est
1441 3753 1545 3807 alvi
1574 3752 1897 3825 profluvium
1922 3753 2086 3807 tutius
2125 3754 2196 3807 ab
2219 3752 2332 3825 opii
2373 3750 2489 3805 ‹losi

367 3842 527 3895 nimia
553 3842 773 3897 affectos
808 3844 1065 3910 liberare,
1091 3844 1443 3916 periculosius
1470 3843 1588 3896 illos
1612 3856 1890 3916 egrotare,
1923 3862 2152 3917 quorum
2181 3842 2316 3895 cutis
2337 3841 2492 3893 laxio-

366 3930 441 3982 ris
465 3940 543 3983 est
581 3941 796 3984 textura
830 3943 881 3984 et
916 3932 1239 3986 ventriculus
1282 3929 1471 3985 debilis
1495 3943 1591 3984 :et
1617 3945 1677 3984 ut
1711 3930 1926 3986 illorum
1966 3931 2058 3985 alii
2087 3930 2278 3984 furiosi
2324 3940 2449 3982 sunt
2471 3965 2488 3989 ,

366 4017 453 4071 alii
480 4036 605 4071 vero
642 4018 877 4089 stupidi,
908 4020 977 4073 ita
1003 4022 1229 4075 furiosos
1260 4034 1485 4075 mortem
1528 4020 1734 4074 facilius
1760 4020 2026 4075 declinare
2059 4037 2220 4091 quam
2250 4016 2491 4090 stupidos

368 4116 419 4161 et
454 4118 766 4161 comatosos.

2123 4182 2248 4265 (11²
