3150 5150
893 503 1202 580 LIBER
1267 503 1568 582 XVIII.

2146 531 2283 609 ¹77

127 641 639 734 ergastulorum
671 667 814 712 non
843 643 1074 712 eadem
1095 629 1142 668 ³⁸
1178 645 1631 714 emolumenta
1655 667 1829 732 esse,
1868 669 2015 738 quae
2052 637 2297 715 fuerint

127 749 650 842 imperatorum.

248 856 342 923 V.
389 855 614 949 Igitur
647 855 730 925 de
772 851 1032 926 cultura
1079 857 1220 950 agri
1260 859 1619 952 praecipere
1666 857 2025 952 principale
2068 859 2193 928 fuit
2234 866 2363 928 et“1

131 961 328 1054 apud
371 975 656 1032 exteros.
716 961 1052 1056 Siquidem
1098 977 1165 1030 et
1217 987 1408 1058 reges
1428 962 1446 987 ¹
1505 962 1757 1052 fecere,
1807 965 2049 1052 Hiero,
2092 963 2305 1034 Philo·

131 1081 368 1135 metor
380 1065 701 1154 Attalus²,
735 1067 1096 1138 Archelaus
1126 1095 1142 1136 :
1179 1083 1248 1138 et
1286 1068 1492 1140 duces
1519 1070 1901 1164 Xenophon
1922 1125 1941 1158 ,
1963 1085 2031 1140 et
2065 1074 2307 1140 Poenus

133 1174 354 1242 etiam
386 1175 593 1268 Mago
620 1199 636 1241 :
679 1175 786 1244 cui
820 1173 1088 1268 quidem
1121 1187 1380 1244 tantum
1422 1176 1749 1244 honorem
1783 1191 2046 1246 senatus
2082 1193 2307 1246 noster
2346 1235 2357 1250 ,

137 1279 392 1348 habuit
429 1280 834 1374 Carthagine
879 1295 1115 1400 capta,
1161 1295 1237 1351 ut
1278 1305 1484 1375 quum
1522 1280 1768 1376 regulis
1803 1281 2045 1352 Africae
2082 1281 2307 1353 biblio·

137 1386 383 1455 thecas
433 1385 754 1469 donaret,
808 1389 1006 1456 unius
1052 1387 1193 1480 ejus
1233 1387 1725 1483 duodetriginta
1766 1386 2111 1459 volumina
2154 1414 2305 1458 cen-

137 1507 323 1560 seret
349 1493 422 1560 in
447 1492 721 1561 latinam
751 1491 1042 1587 linguam
1069 1493 1568 1580 transferenda,
1598 1519 1806 1589 quum
1841 1493 1982 1624 jam
2009 1496 2108 1563 M.
2139 1499 2309 1566 Cato

137 1612 490 1692 praecepta
517 1597 970 1669 condidisset.
1012 1602 1369 1694 peritisque
1405 1599 1647 1695 linguae
1680 1601 1938 1694 punicae
1958 1586 2309 1670 ³dandum

137 1706 538 1799 negotium,
573 1706 642 1773 in
672 1730 806 1799 quo
839 1707 1176 1801 praecessit
1203 1730 1436 1776 omnes
1471 1709 1573 1774 vir
1605 1693 2018 1776 clarissimae⁴
2051 1707 2313 1778 familia}

227 1916 261 1970 3
274 1932 326 1968 1.
343 1916 730 1986 Ergastulorum
752 1935 848 1969 non
873 1915 1062 1981 eadem,
1087 1928 1190 1970 etc.

144 1995 233 2049 Sic
247 2003 612 2068 gut-munus&
631 2016 814 2051 servos
831 1956 1192 2068 appellabant,

142 2075 239 2147 qui
269 2073 330 2126 in
361 2075 617 2130 villarum
657 2076 964 2148 ergastulis,
991 2073 1050 2129 id
1079 2090 1188 2141 est,

141 2155 298 2208 cellis
333 2157 693 2209 subterraneis
734 2157 976 2210 obscuris
1009 2168 1190 2209 custo·

143 2234 464 2288 diebantur.
489 2234 632 2290 Vide
657 2236 984 2290 Brissonium
1003 2274 1020 2301 ‚
1042 2235 1079 2289 l.
1101 2235 1185 2294 11,

143 2333 265 2386 cap.
295 2334 356 2385 9.
385 2317 596 2369 Duae.

229 2397 310 2447 V.
349 2399 402 2448 ι’.
445 2393 690 2468 Siquidem
717 2407 765 2446 et
804 2415 954 2464 reges.
983 2395 1065 2448 De
1104 2393 1188 2447 his

147 2475 362 2545 egimus
395 2473 452 2526 in
476 2476 768 2528 Auctorum
796 2472 1000 2528 Indice.
1037 2475 1106 2526 Η.

237 2574 289 2609 2.
324 2553 624 2607 Pha'Iomeeor
654 2555 874 2609 Attalus.
905 2553 1188 2609 AEstimnn-

149 2634 284 2687 dum
325 2636 502 2688 sintne
540 2634 650 2689 duo
680 2646 920 2689 auctores
945 2636 1187 2688 Philome-

152 2728 234 2766 tor
272 2727 326 2767 et
377 2716 610 2774 Attalus.
663 2734 727 2769 an
773 2734 912 2769 unus
960 2727 1186 2768 tantum.

149 2794 296 2846 Nam
321 2794 531 2848 Plinius
563 2794 652 2847 hic
677 2794 811 2848 duos
839 2796 1080 2867 accipere
1105 2794 1187 2845 vi·

146 2872 342 2933 detur,
371 2886 432 2926 ut
462 2888 680 2945 apparet
710 2875 868 2927 etiam
910 2894 975 2926 ex
1001 2872 1188 2927 Indice

147 2952 436 3024 pratentis
463 2954 623 3019 libri,
664 2955 758 3007 ubi
797 2966 904 3007 tam
931 2955 986 3005 in
1008 2970 1187 3006 exem·

146 3032 302 3105 plari
343 3034 574 3106 scripto,
619 3052 782 3104 quam
825 3033 882 3087 in
921 3033 1189 3104 impressis

147 3114 230 3165 sic
259 3112 524 3166 hahetur:
554 3139 577 3161 ι
600 3112 876 3179 Externis,
921 3109 1182 3173 Hesiodo,

147 3192 538 3263 Theophrasto
569 3232 585 3257 ,
633 3192 920 3246 Aristotele
935 3231 952 3257 ,
994 3194 1190 3245 Demo-

149 3272 332 3337 oeito,
361 3272 597 3325 Hierone
635 3290 792 3345 rege,
833 3272 1192 3325 Philometore

149 3370 319 3423 rege,
350 3352 530 3405 Attalo
557 3370 699 3422 rege.
723 3378 746 3399 .
780 3352 1008 3405 Videtur
1032 3350 1190 3404 etiam

151 3432 469 3486 Columella
511 3432 670 3502 hujus
719 3450 830 3485 esse
874 3430 1143 3503 opinionis
1175 3469 1191 3494 ,

149 3512 256 3563 lib.
290 3511 346 3576 1,
370 3529 486 3582 cap.
520 3529 543 3563 1
569 3530 583 3564 :
606 3510 806 3565 ·Siculi
833 3529 1082 3583 quoque,
1108 3510 1192 3561 in·

151 3592 311 3661 quit,
341 3610 454 3643 non
481 3590 740 3644 mediocri
767 3610 894 3644 cura
919 3589 1191 3661 negotium

153 3668 306 3723 istud
345 3671 664 3742 prosequuti
705 3684 860 3735 sunt,
885 3670 1102 3723 Hieron.
1143 3678 1194 3720 et

155 3750 526 3821 Epicharmus
540 3749 830 3821 discipulus
842 3791 857 3815 ,
871 3750 1196 3802 Philometor

155 3843 217 3882 et
243 3830 482 3883 Attalus.
509 3856 532 3877 ο
572 3833 642 3883 At
675 3830 750 3883 Μ.
789 3832 991 3894 Varm,
1020 3829 1115 3881 lib.
1139 3830 1197 3891 1,

1284 1918 1394 1971 les:
1430 1918 1598 1972 Hiero
1622 1916 1857 1980 Siculus,
1884 1931 1937 1972 et
1956 1917 2169 1972 Attalus
2186 1919 2315 1972 Phi-

1283 1996 1528 2051 lometor.
1551 2025 1574 2046 ι
1602 2000 1648 2049 Δ
1666 1998 1911 2051 Varrone
1944 2011 2116 2052 autem
2148 1999 2315 2068 magis

1282 2090 1364 2131 sto
1387 2097 1404 2141 3
1429 2096 1555 2130 nam
1581 2077 1783 2130 Attalus
1804 2097 1897 2132 rex
1921 2078 2063 2131 Asiae
2078 2115 2097 2142 ,
2115 2077 2316 2150 studio·

1282 2173 1369 2210 sus
1395 2158 1474 2209 rei
1497 2157 1705 2210 rusticae
1722 2195 1737 2220 ,
1784 2158 1979 2210 amicus
2004 2157 2192 2228 populi
2224 2177 2313 2210 ro-

1281 2236 1462 2301 mani,
1489 2253 1649 2308 quem
1687 2248 1811 2306 post
1846 2249 2073 2290 mortem
2098 2237 2317 2309 reliquit

1279 2314 1552 2378 heredem,
1561 2315 1899 2370 Philometor
1910 2317 2313 2388 cognominatus

1280 2406 1357 2447 est
1371 2433 1388 2459 ,
1406 2394 1477 2447 ob
1500 2396 1751 2466 pietatem
1778 2407 1910 2466 puto
1922 2415 2044 2468 erga
2066 2407 2311 2460 matrem,

1280 2487 1346 2544 ut,
1367 2475 1635 2544 colligitur
1659 2492 1721 2526 ex
1766 2473 2057 2538 Strabone,
2080 2475 2119 2528 l.
2143 2475 2310 2542 xm,

1280 2567 1332 2608 et
1362 2555 1548 2627 Trogo
1575 2554 1869 2625 Pompeio,
1909 2554 2003 2609 lib.
2050 2554 2309 2609 xxxvl.

1279 2634 1440 2689 Pur-r.
1463 2666 1540 2677 —-
1561 2634 1864 2687 Phe‘Iometor
1890 2636 2115 2688 Attalus.
2142 2637 2229 2688 Sic
2257 2651 2311 2690 et

1279 2715 1519 2767 Turneb.
1536 2716 1607 2767 At
1627 2714 1798 2767 Gron.
1826 2728 1879 2768 et
1898 2715 1965 2767 al.
1986 2714 2277 2767 distinctim
2291 2757 2308 2780 ,

1278 2794 1603 2857 Philometor,
1645 2796 1883 2857 Attalea,-
1921 2795 2069 2847 etita
2094 2814 2160 2847 ex
2187 2795 2303 2848 MS.

1280 2874 1412 2945 Reg.
1433 2895 1460 2927 a
1485 2914 1498 2933 ,
1522 2874 1800 2927 Broterius
1822 2888 1875 2927 et
1901 2874 2127 2927 Rezzon.
2160 2874 2264 2927 En.

1309 2948 1316 2954 ⁴
1363 2952 1414 3005 3.
1430 2952 1699 3025 Perieisque
1718 2954 1898 3022 linguoe
1918 2951 2135 3006 Punic-re.
2151 2953 2303 3009 MSS.

1280 3033 1410 3103 Reg.
1457 3046 1558 3087 etc.
1595 3037 1853 3106 peritisque
1891 3039 2093 3103 punice,
2143 3046 2203 3085 ut
2241 3036 2308 3087 sit

1281 3109 1590 3165 adverbium
1609 3152 1625 3178 ,
1656 3113 1792 3165 sicut
1819 3131 2010 3181 groece,
2035 3113 2200 3165 latine.
2235 3114 2303 3164 H.

1364 3198 1416 3254 4.
1451 3188 1983 3254 Clarissimoesamile’oe.
2012 3190 2149 3244 Nam
2165 3209 2227 3243 ex
2245 3212 2307 3245 ea

1281 3269 1477 3324 familia
1505 3272 1683 3335 suere,
1729 3282 1787 3324 ut
1809 3274 1917 3341 jam
1945 3268 2206 3335 diximus,
2239 3273 2306 3327 A.

1283 3350 1522 3403 Licinius
1558 3351 1739 3403 Nerva
1780 3350 1989 3403 Silanus
2010 3388 2026 3415 ‚
2057 3350 2309 3404 triumvir

1261 3430 1562 3485 ,monetalis
1610 3430 1711 3483 sub
1753 3433 2035 3500 Augusto.
2023 3447 2036 3459 ·
2062 3429 2305 3492 Silanus,

1284 3508 1490 3562 Orienti
1513 3510 1820 3579 praefeetus,
1856 3510 1912 3561 in
1938 3510 2173 3562 nummis
2195 3516 2310 3564 AN-

1284 3593 1615 3652 Tlome,
1638 3591 1735 3643 sub
1767 3589 2028 3643 Tiberio·
2055 3589 2132 3642 M.
2175 3588 2310 3643 Sila-

1283 3688 1420 3732 nus,
1465 3686 1634 3740 nepos
1680 3670 1855 3741 neptis
1897 3668 2124 3739 Augusti
2161 3669 2310 3741 apud

1284 3748 1550 3814 Plinium,
1586 3748 1679 3803 lib.
1710 3750 1845 3813 vn,
1877 3766 1992 3823 cap.
2028 3766 2124 3810 ιι,
2160 3762 2213 3801 et
2240 3768 2311 3801 ex

1285 3847 1352 3881 eo
1373 3840 1528 3881 natus
1543 3830 1715 3881 AElius
1735 3829 1941 3883 Silanus
1956 3866 1972 3892 ‚
1997 3828 2160 3882 frater
2181 3830 2313 3882 Ner-

155 3928 284 3981 cap.
315 3909 446 3961 item
468 3927 491 3961 1
508 3948 525 3973 ‚
544 3928 712 3963 unum
731 3921 932 3963 tantum
958 3909 1200 3979 intelligit
1289 3908 1512 3978 vaeimp.
1539 3910 1593 3961 in
1614 3926 1837 3961 nummo
1856 3908 2111 3980 inscripto
2133 3926 2312 3961 Ausu-

157 3989 594 4043 Philometorem
621 3991 858 4043 Attalum
881 3990 962 4043 his
987 3989 1158 4041 verbis
1181 4007 1196 4041 ι

1291 4007 1386 4041 ns
1403 4030 1418 4054 ,
1445 4008 1605 4059 quem
1643 3989 1766 4040 alibi
1790 3987 2159 4059 explicuimus.
2191 3988 2315 4040 Cla-

169 4096 194 4115 ·
217 4070 292 4121 Hi
334 4082 461 4122 sunt
486 4088 622 4141 quos
665 4070 861 4123 habere
897 4071 950 4121 in
979 4068 1201 4121 consilio
1291 4069 1510 4121 rissimae
1539 4070 1702 4139 igitur
1734 4068 1943 4120 familia
1978 4067 2205 4119 Decimus
2234 4066 2319 4118 Si-

161 4150 410 4219 poteris‚
431 4168 602 4220 quum
634 4148 778 4221 quid·
807 4149 1085 4203 consulere
1111 4166 1208 4201 vo-

327 4251 460 4317 VI.

1297 4148 1438 4200 lanus
1465 4148 1562 4201 iste
1590 4148 1707 4202 fuit.
1734 4148 1920 4200 Hsnn.

1967 4267 1989 4313 l
2013 4268 2051 4315 2
