3150 5150
956 607 1281 675 LIBER
1336 609 1501 676 XX.
2150 606 2304 704 539

100 732 109 774 ¹
186 739 393 814 crudae
430 759 701 807 succum
747 739 1299 832 gargarizandum
1330 739 1825 835 bibendumque
1868 738 2299 812 demonstrat.

186 851 423 918 Contra
454 867 615 912 vero
647 842 973 938 singultus
1004 868 1157 915 cum
1186 845 1537 916 coriandro
1566 860 1636 915 et
1672 847 1949 933 anetho,
1995 845 2190 917 melle
2223 872 2304 918 ac

112 956 435 1050 ¹pipere,
484 975 567 1018 cx
618 964 827 1020 aceto.
886 949 1131 1020 Illitam
1170 975 1437 1047 quoque
1480 951 1794 1047 prodesse
1851 952 2304 1024 inflationibus

100 1057 111 1098 '·
182 1042 764 1130 stomachi¹⁵.1tem
783 1059 1188 1152 serpentium
1207 1058 1479 1137 ictibus,
1502 1073 1570 1126 et
1595 1058 1875 1128 sordidis
1901 1058 2304 1146 hulceribus,

100 1165 110 1178 '
181 1190 255 1235 ac
289 1159 591 1247 vetustiS,
622 1162 779 1232 vel
759 1185 970 1258 ipsam
1001 1187 1241 1294 aquam
1268 1185 1423 1234 cum
1460 1163 1832 1235 hordeacea
1858 1165 2117 1235 farina.
2151 1191 2304 1236 suc·

101 1274 115 1318 ³
178 1295 321 1341 cum
356 1294 439 1340 ex
478 1284 669 1340 aceto
690 1321 709 1352 ,
763 1269 869 1338 vel
911 1270 1097 1342 cum¹
1102 1257 1327 1340 ⁶feno
1372 1295 1610 1366 graeco.
1651 1272 1759 1340 Sic
1802 1269 2002 1366 aliqui
2040 1286 2108 1341 et
2144 1276 2304 1341 arti-

100 1383 112 1422 *
178 1375 365 1464 culis,
409 1375 857 1496 podagrisque
901 1377 1271 1472 imponunt.
1316 1376 1835 1473 EpinyctidaS,
1760 1377 1808 1418 ¹⁷
1873 1401 1956 1447 ac
1983 1378 2305 1473 quidquid

106 1525 111 1528 -
175 1481 343 1552 aliud
378 1483 588 1577 serpit
619 1482 689 1551 in
723 1505 1045 1602 corpore,
1084 1484 1391 1579 imposita
1422 1483 1620 1553 levat.
1655 1470 1894 1553 ltem¹⁸
1929 1487 2306 1579 repentinas
2343 1506 2374 1564 4

100 1599 113 1637 ²
176 1589 525 1684 caligines.
563 1589 683 1659 has
718 1603 785 1658 et
820 1591 874 1658 si
914 1589 1251 1660 manditur
1278 1615 1360 1658 ex
1396 1605 1606 1660 aceto.
1648 1589 2010 1686 suggillata
2037 1615 2200 1661 vero
2241 1607 2310 1662 et

106 1707 111 1746 ἑ
172 1694 325 1765 alios
360 1693 609 1766 livores
650 1719 819 1791 pura
860 1694 1043 1765 illita.
1084 1694 1401 1791 Lepras¹⁹
1412 1737 1417 1744 ·
1454 1711 1521 1766 et
1557 1721 1788 1792 psoras
1826 1722 1978 1767 cum
2019 1695 2308 1768 alumine

100 1831 103 1838 ·
172 1801 453 1871 rotundo
497 1825 585 1871 ex
618 1816 832 1872 aceto.
885 1803 994 1872 Sic
1034 1815 1102 1870 et
1116 1799 1167 1826 ²⁰
1208 1802 1487 1873 fluentes
1524 1802 1798 1898 capillos
1841 1805 2097 1873 retinet.
2147 1807 2308 1900 Epi-

100 1925 107 1961 ἑ
168 1908 477 1978 chax-mus
518 1909 785 1979 testium
816 1921 885 1977 et
925 1907 1309 2004 genitalium
1346 1908 1534 1979 malis
1576 1910 1752 1978 hanc
1795 1909 2138 1979 utilissime
2182 1911 2304 1980 im-

101 2033 107 2070 *
164 2016 319 2108 poni
382 2016 646 2085 asserit.
715 2013 1073 2086 Efficacius
1116 2013 1418 2084 eamdem
1465 2040 1620 2085 cum
1671 2015 1824 2084 faba
1880 2018 2055 2085 trita.
2132 2019 2304 2086 Item

165 2119 496 2191 convulsis
535 2145 686 2190 cum
724 2136 892 2191 ruta.
931 2123 1185 2192 Contra
1214 2121 1521 2192 ardorem
1551 2121 1840 2192 febrium
1875 2137 1944 2192 et
1979 2124 2306 2193 stomachi

163 2228 317 2296 vitia
366 2251 531 2297 cum
583 2242 751 2298 rutae
800 2229 1050 2300 semine
1090 2253 1107 2296 τ
1172 2241 1242 2297 et
1296 2226 1463 2297 ad·²⁸
1540 2228 1882 2298 secundas
1946 2232 2036 2297 Et
2097 2230 2306 2300 muris

162 2335 378 2403 aranei
408 2358 680 2404 morsus
701 2387 721 2421 ,
744 2333 1053 2405 foliorum
1088 2333 1426 2404 aridorum
1466 2334 1678 2404 farina
1705 2333 2088 2405 alterutra²²
2117 2351 2308 2431 parte

158 2440 475 2510 exinanit.

256 2548 567 2619 XXXV.
624 2549 735 2618 Ex
778 2546 1091 2618 omnibus
1143 2546 1450 2617 brassicae
1502 2547 1857 2643 generibus
1916 2548 2304 2618 suavissima
2347 2580 2368 2614 ι

158 2666 253 2722 est
288 2678 490 2748 cyma
518 2652 566 2743 ¹,
596 2656 718 2725 etsi
754 2652 1003 2725 inutilis
1035 2653 1346 2741 habetur,
1376 2652 1668 2724 difficilis
1702 2655 1771 2724 in
1811 2654 2160 2750 coquendo
2183 2708 2200 2742 ,
2242 2670 2314 2725 et

154 2848 271 2884 mus
308 2828 569 2901 praecipit
597 2829 635 2883 l.
649 2847 699 2883 c.
714 2830 850 2884 Sunt
871 2842 1045 2884 autem
1068 2828 1193 2883 icte·
1367 2846 1456 2899 17.
1473 2829 1819 2901 Epinyeec'tim,
1843 2848 1904 2882 ae
1922 2830 2161 2903 quidquid
2174 2830 2314 2883 aliud

152 2908 277 2974 rici,
307 2910 406 2981 qui
446 2910 628 2963 ictero
667 2911 863 2963 morbo
902 2910 1191 2976 laborant,
1280 2912 1458 2981 serpit,
1480 2922 1583 2963 etc.
1614 2910 1794 2963 Diose.
1809 2910 1860 2970 1.
1883 2928 1932 2963 c.
1963 2910 2150 2963 Halm.

151 2990 515 3060 quemVarro
528 3000 682 3043 vocat
698 2988 905 3061 regium
922 2990 1195 3055 morbum,
1365 2991 1453 3045 18.
1490 2989 1625 3042 Item.
1668 2990 1844 3042 Diose.
1872 2988 1911 3042 l.
1941 3008 1989 3042 c.
2020 2988 2304 3043 brassicam·

149 3079 210 3121 ut
234 3066 487 3123 dicemus
530 3068 721 3133 xm,
766 3069 857 3124 53.
898 3069 1107 3141 Vulgus
1136 3067 1193 3120 in
1282 3068 1356 3122 uit
1377 3067 1620 3122 auxiliari
1651 3067 1987 3140 plurimum
1971 3068 2072 3132 iis,
2103 3068 2301 3139 quibus

150 3146 319 3202 Gallia
340 3167 371 3202 a
394 3150 591 3203 colore
612 3147 779 3216 flavo,
804 3150 854 3201 la
865 3151 1101 3221 janni-ese.
1122 3148 1192 3201 Η.
1282 3154 1360 3201 est
1397 3148 1640 3202 obtusior
1670 3147 1950 3201 oculorum
1989 3147 2172 3201 acies·
2201 3138 2308 3217 Ᾰμ-

233 3227 327 3283 1⁵.
358 3228 564 3282 mitam
590 3247 773 3301 quoque
792 3229 1018 3301 prodesse
1049 3228 1194 3299 infla·
1282 3225 1558 3280 Ελυωποῦσι
1580 3224 1642 3280 8³
1671 3228 1838 3292 βοηθιῖ
1857 3228 2126 3298 ιῖσ.θιομίνη
2155 3226 2225 3279 Η.

150 3307 359 3361 tionibus
391 3309 656 3362 stomachi.
691 3310 774 3361 Ita
815 3308 940 3362 libri
979 3326 1164 3361 omnes
1178 3346 1195 3371 ‚
1368 3324 1391 3359 ι
1404 3326 1455 3375 9.
1486 3306 1666 3378 Lepms
1694 3318 1744 3358 et
1759 3326 1934 3377 'noras
1958 3326 2066 3358 eum
2097 3306 2308 3359 alumine

147 3388 306 3442 etiam
352 3388 525 3443 MSS.
568 3406 712 3453 non,
745 3402 807 3443 ut
843 3387 1060 3460 quidam
1098 3405 1195 3440 vo·
1282 3386 1514 3451 rotundo,
1551 3397 1654 3439 etc.
1691 3384 2024 3445 Paxamnatl.
2048 3403 2095 3439 c.
2119 3384 2307 3441 iisdem

142 3466 877 3535 luere-,inflammationibus
896 3467 1030 3522 Sunt
1050 3466 1194 3520 enim
1280 3466 1393 3520 fere
1422 3466 1614 3519 verbis.
1647 3464 1830 3519 Haun-

144 3544 375 3601 diversae
418 3566 505 3601 eae
559 3546 864 3601 affectiones
904 3546 1194 3613 stomachi,
1362 3564 1450 3599 ao.
1480 3544 1566 3599 Se'e
1590 3546 1858 3617 etfleeentes
1887 3544 2087 3617 capillos
2117 3549 2308 3599 terim

141 3637 203 3680 ut
230 3628 433 3683 Celsus
449 3626 777 3692 docet,1V,
796 3627 825 3681 ⁵
845 3664 863 3691 ,
895 3626 964 3681 de
990 3626 1196 3679 Morbis
1281 3624 1458 3679 Dione.
1494 3625 1531 3679 l.
1567 3644 1617 3679 e.
1649 3615 1783 3694 Ῑσχιι
1818 3621 1880 3678 dl
1916 3624 2000 3679 καὶ
2040 3623 2173 3694 ῥύσιν
2209 3632 2306 3678 τῶν

138 3707 420 3762 stomachi
470 3727 487 3759 ε
553 3732 576 3755 ι
612 3704 779 3761 Modo
811 3707 996 3778 ingens
1021 3707 1195 3771 calor,
1282 3707 1330 3757 iv
1306 3712 1535 3776 νιιιφαλῇ
1557 3712 1754 3777 τριχῶν.
1781 3704 1967 3758 Han.

136 3786 360 3858 inquit,
394 3784 574 3841 modo
604 3786 981 3852 inflammatio,
1028 3784 1193 3839 modo
1368 3803 1458 3838 ιι.
1480 3786 1553 3837 Et
1569 3785 1653 3839 ad.
1673 3784 2048 3855 subintellige,
2092 3782 2306 3855 ejicien-

136 3866 534 3921 exhulcerutio
554 3866 733 3919 afficit.
765 3892 787 3913 ι
818 3866 999 3921 Haut).
1284 3862 1377 3917 das
1406 3882 1420 3918 ε
1452 3862 1672 3918 taenea
1690 3864 1864 3937 χορία,
1889 3863 2024 3917 dixit
2045 3863 2213 3935 Hipp.
2237 3860 2306 3915 de

226 3950 324 4000 16.
364 3948 481 3999 Vel
512 3966 634 4000 eum.
666 3948 805 4001 Cum
834 3958 982 3999 aceto
1010 3958 1064 3997 et
1090 3944 1199 3997 feni
1286 3942 1470 3998 Morb.
1506 3945 1637 3998 mul.
1660 3946 1719 4009 1,
1761 3963 1885 3998 tn.
1913 3943 2092 3996 Hono.

130 4027 298 4095 graeei
354 4027 571 4092 farina,
611 4024 909 4097 podagricis
951 4025 1199 4080 articulu-
1368 4042 1462 4078 22.
1493 4025 1768 4078 Alter-utra.
1799 4024 1886 4077 siv
1857 4044 1920 4075 ve
1951 4040 2180 4095 superne
2205 4040 2302 4072 vo-

134 4106 339 4177 rioque
356 4107 571 4159 morbo
590 4105 871 4177 prodesse,
892 4106 1199 4160 hulceribus
1286 4104 1514 4166 mitum,
1540 4104 1652 4158 sive
1671 4104 1878 4157 inferne
1899 4103 2076 4155 alvum
2095 4097 2306 4155 ciendo.

130 4204 367 4257 quoque
380 4184 629 4240 sordidis
656 4204 716 4239 ac
742 4186 992 4252 vetustis,
1013 4199 1199 4240 auctor
1287 4183 1473 4235 Haut).

132 4278 213 4319 est
238 4267 441 4320 Diose.
474 4266 564 4331 ΙΙ,
598 4269 725 4330 ι46.
754 4268 939 4319 Hui).
1368 4262 1598 4315 XXXV.
1653 4282 1702 4315 ι.
1754 4260 1926 4334 Cyme.
1975 4257 2310 4325 Dioscoridi,
