3150 5150
851 493 994 589 178
1362 489 1440 558 C.

1497 488 1847 558 PLINII
1901 488 2444 562 NAT.1·IIST

839 627 928 694 D.
971 620 1252 693 Silanus.
1295 621 1641 716 Sapientes
1678 644 1841 689 vero
1898 618 2311 714 complures,
2368 604 2581 750 quos⁵
2632 635 2989 715 sequentes

835 730 1306 826 praetexuimus
1346 729 1414 795 in
1457 726 1589 795 hoc
1632 725 2011 814 volumine,
2052 749 2195 796 ιιοιι
2226 711 2527 820 ingrate⁶
2572 726 2989 796 nominando

835 839 934 906 M.
960 840 1296 922 Varrone,
1360 832 1961 927 uioctogesimum⁷
1990 833 2282 927 primum
2300 833 2453 903 vitae
2471 855 2727 902 annum
2744 857 2986 928 agens,

767 972 796 1004 α
834 943 919 1012 de
956 967 1035 1012 ea
1071 968 1144 1012 re
1180 940 1598 1061 prodendum
1633 940 1913 1035 putavit.
1952 927 2110 1030 (ιν.)
2156 937 2353 1030 Apud
2382 941 2731 1009 Romanos
2778 938 2991 1008 multo

833 1051 1041 1119 serior
1091 1049 1327 1118 vitium
1383 1044 1645 1116 cultura
1690 1069 1831 1116 esse
1883 1046 2101 1140 coepit.
2146 1046 2534 1140 Primoque,
2578 1060 2661 1116 ut
2716 1069 2989 1116 necesoe

832 1170 978 1226 erat
996 1209 1017 1243 ,
1073 1179 1234 1224 arva
1287 1167 1546 1223 tantum
1606 1152 1872 1222 coluere
1918 1173 1934 1216 ε

1992 1173 2279 1246 quorum
2326 1151 2521 1221 nobis
2566 1153 2749 1222 ratio
2814 1177 2989 1220 nunc

835 1261 1230 1332 tractabitur
1258 1285 1397 1328 non
1422 1257 1681 1354 vulgari
1714 1257 1958 1328 modo:
1997 1283 2229 1328 verum
2249 1310 2271 1346 ,
2306 1271 2385 1327 ut
2412 1257 2636 1328 adhuc
2664 1257 2989 1342 fecimus,

835 1383 906 1438 et
937 1369 1217 1437 vetustis
1245 1381 1315 1436 et
1353 1381 1588 1460 postea
1626 1366 1911 1434 inventis
1946 1365 2131 1436 omni
2168 1389 2331 1434 cura
2372 1365 2763 1460 perquisitis
2790 1418 2817 1452 ,
2852 1389 2989 1434 cau·

835 1499 1038 1569 saque
1083 1498 1306 1542 rerum
1343 1487 1413 1541 et
1448 1473 1705 1542 ratione
1744 1469 1938 1542 simul
1976 1485 2188 1542 eruta.
2251 1473 2569 1542 Dicemus
2612 1485 2687 1540 et
2726 1471 2987 1556 sidera,

837 1581 1308 1674 siderumque
1291 1604 1587 1674 ipsorum
1638 1578 1975 1648 terrestria
2010 1579 2197 1672 sig-na
2230 1577 2533 1647 dabimus
2562 1577 2985 1648 indubitata:

831 1685 1370 1817 quandoquidem
1410 1687 1525 1780 qui
1580 1684 1801 1754 adhuc
1850 1709 1929 1754 ea
1965 1683 2343 1779 diligentius
2384 1699 2815 1772 tractavere,
2860 1685 2991 1780 qui-

832 1779 1102 1864 busvis⁸
1137 1793 1401 1887 potius,
1434 1816 1635 1885 quam
1678 1789 2027 1886 agricoli8‚
2066 1791 2407 1886 scripsisse
2436 1805 2721 1885 possunt
2755 1791 2987 1860 videri.

939 1901 1061 1969 VI.
1118 1901 1218 1968 Ac
1246 1899 1534 1994 primum
1565 1899 1866 1967 omnium
1898 1896 2183 1966 oraculis
2212 1897 2461 1992 majore
2494 1921 2578 1966 ex
2612 1912 2827 1992 parte
2856 1922 2989 1993 age-

825 2031 1024 2096 muS,
1067 2029 1215 2125 quae
1245 2028 1381 2073 non
1418 2006 1488 2073 in
1528 2001 1659 2073 alio
1696 2005 1847 2073 vitae
1890 2028 2131 2098 genere
2170 2002 2361 2098 plura
2394 2005 2775 2075 certiorave
2818 2019 2987 2074 sunt.

834 2115 978 2184 Cur
1005 2113 1181 2181 enim
1220 2136 1358 2181 non
1382 2109 1737 2180 videantur
1773 2109 2081 2196 oracula,
2118 2135 2156 2180 a
2187 2109 2595 2180 certissimo¹
2642 2111 2759 2180 die
2794 2114 2990 2181 maxi-

835 2244 1075 2314 meque
1111 2217 1408 2287 veridico
1432 2241 1556 2286 usu
1582 2215 1934 2311 profecta?
1966 2217 2373 2312 Principium
2399 2231 2622 2287 autem
2651 2243 2691 2286 a
2718 2219 2989 2289 Catone

772 2347 1196 2396 sumemus.
1236 2318 1342 2413 (v.
1357 2312 1385 2415 )
1418 2320 1823 2454 For³tissimi²
1853 2324 1980 2390 viri
2026 2338 2093 2392 et
2140 2322 2377 2392 milites
2422 2324 2877 2394 strenuissimi
2917 2351 2991 2393 ex

839 2430 1141 2527 agricolis
1161 2415 1591 2526 gignunturss
1616 2430 2019 2538 minimeque
2041 2428 2210 2498 male
2234 2431 2615 2526 cogitantes.
2648 2431 2989 2502 Praedium

923 2612 976 2665 5.
1003 2612 1141 2682 Quos
1167 2622 1424 2684 sequentes.
1465 2610 1579 2675 Qui
1614 2610 1865 2683 priorum

839 2704 1082 2763 tempora
1110 2690 1422 2762 subsequuti
1442 2703 1568 2744 sunt
1583 2728 1599 2755 ,
1624 2709 1865 2761 quosque

837 2772 1000 2843 hujus
1031 2771 1210 2844 operis
1250 2770 1404 2823 initio
1438 2770 1828 2841 appellavimus
1848 2810 1864 2836 ,

837 2868 1036 2923 nempe
1056 2851 1211 2905 libJ.
1233 2851 1298 2902 In
1323 2848 1476 2903 MSS.
1503 2850 1638 2921 Reg.
1666 2870 1693 2903 ι
1710 2890 1725 2915 ,
1748 2870 1867 2923 quos

837 2950 1158 3002 sequeremur,
1196 2930 1462 3001 scriptura
1488 2928 1632 2983 haud
1658 2930 1868 3001 penitus

837 3008 1215 3081 improbanda.
1241 3010 1427 3063 Hum.
1447 3039 1527 3050 —
1559 3008 1865 3075 Broterius,

839 3110 957 3162 quos
983 3110 1308 3163 sequeremur,
1325 3108 1393 3142 ex
1413 3088 1534 3141 MS.
1559 3090 1625 3142 R.
1648 3109 1677 3141 ι
1692 3126 1708 3153 ,
1734 3088 1863 3143 edit.

838 3171 1086 3243 principe
1112 3183 1167 3224 et
1190 3170 1476 3224 Rezzonic.
1501 3168 1609 3221 En.

921 3254 977 3305 6.
1005 3252 1123 3305 Non
1152 3255 1363 3320 ingrate.
1398 3250 1478 3301 Ex
1519 3248 1732 3302 infinito
1762 3267 1866 3302 nu·

840 3349 991 3387 mero
1015 3330 1243 3384 libenter
1286 3331 1593 3382 Varronem
1630 3327 1866 3401 appella·

841 3428 976 3463 mus.
999 3411 1064 3463 In
1091 3410 1208 3463 MS.
1243 3411 1372 3479 Reg.
1403 3427 1430 3460 2
1452 3444 1471 3475 ‚
1495 3428 1593 3461 non
1614 3411 1666 3461 in
1692 3428 1863 3479 grege,

839 3488 992 3560 quasi
1031 3502 1178 3543 extra
1223 3506 1436 3560 gregem
1489 3487 1819 3541 nominando
1852 3524 1869 3554 ,

839 3568 966 3639 quie
993 3568 1277 3621 antecellit.
1309 3567 1492 3621 Ηιιι).

925 3665 980 3717 7.
1025 3646 1384 3717 octogesimum
1415 3650 1642 3718 primum.
1690 3649 1867 3701 Varro

841 3727 1016 3781 statim
1047 3724 1104 3778 in
1131 3726 1249 3797 ipso
1271 3726 1449 3799 operis
1469 3745 1776 3797 progressu,
1799 3724 1867 3779 de

840 3806 920 3859 Re
941 3808 1092 3861 Rust.
1118 3806 1430 3876 lib.1,cap.
1462 3824 1530 3859 ιε
1555 3804 1869 3878 «cogitans,

839 3886 1051 3958 inquit,
1089 3902 1202 3939 esse
1247 3884 1683 3959 properandum,
1716 3884 1865 3958 quod

840 3956 863 4036 (
885 3980 946 4019 nt
965 3962 1198 4031 dicitur)
1218 3966 1260 4019 si
1290 3978 1370 4020 est
1399 3966 1564 4019 homo
1587 3965 1767 4027 bulla,
1799 3983 1863 4018 eo

838 4047 1008 4119 magis
1025 4064 1205 4100 senex.
1223 4048 1414 4101 Annus
1437 4046 1583 4099 enim
1611 4046 1865 4117 octogesi-

834 4144 954 4181 mus
980 4124 1237 4181 admonet
1262 4146 1348 4182 me
1366 4168 1383 4192 ,
1405 4140 1468 4181 ut
1495 4127 1728 4181 sarcinas
1750 4126 1862 4181 col-

1949 2612 2109 2683 ligam
2122 2651 2138 2677 ,
2152 2624 2434 2684 antequam
2454 2611 2816 2682 proficiscare
2828 2616 2952 2669 vita.
2962 2640 2981 2661 ο

1949 2694 2013 2745 Ῑ.ιι
2032 2710 2138 2761 quo
2151 2692 2415 2745 Varronis
2428 2692 2548 2745 loco
2568 2692 2796 2747 unitatis
2809 2708 2990 2747 notan

1948 2769 2204 2825 excidisse
2234 2790 2262 2823 e
2290 2790 2516 2825 numero
2548 2790 2829 2827 annorum
2856 2775 2987 2827 var·

1949 2850 2125 2914 roais,
2147 2851 2298 2904 Fulv.
2318 2852 2545 2905 Ursinus
2562 2851 2620 2904 in
2640 2864 2787 2913 nott,
2812 2873 2877 2925 p.
2910 2873 2989 2917 zo,
3101 2860 3103 2867 ²

1951 2944 2092 2985 recte
2119 2930 2411 2985 admonuit.
2452 2929 2633 2985 Ηιιω.

2033 3012 2087 3064 8.
2124 3010 2383 3081 Quibit-wis
2404 3016 2583 3081 potius.
2612 3010 2703 3065 Sic
2731 3030 2809 3065 ex
2838 3012 2985 3067 MSS.

1950 3086 2255 3144 emendavit
2272 3090 2437 3144 Hand.
2456 3091 2696 3163 quibusvis
2710 3094 2989 3145 omem-ibus

1944 3172 2109 3241 potius
2130 3168 2369 3223 Gronov,
2398 3183 2452 3223 et
2481 3172 2559 3223 Al.
2590 3172 2695 3224 En.

2032 3251 2133 3303 vl.
2176 3268 2225 3303 ι.
2259 3249 2534 3303 Certissima
2558 3252 2655 3304 die.
2696 3250 2850 3305 Nam
2882 3250 2991 3306 dies

1952 3348 2109 3383 usum
2138 3329 2327 3393 affert,
2354 3330 2449 3401 qui
2476 3330 2713 3402 optimus
2732 3332 2991 3385 omnium

1951 3422 2029 3461 est
2056 3410 2319 3479 magister.
2342 3410 2501 3463 MSS.
2529 3428 2745 3469 omnes,
2770 3411 2895 3477 ὣς,
2916 3432 2993 3465 re·

1951 3501 2069 3543 cte·
2094 3507 2233 3554 non,
2260 3489 2379 3553 deo,
2410 3504 2469 3543 ut
2489 3490 2675 3561 Lipsio
2701 3490 2909 3544 visum.
2930 3492 2991 3545 ln

1950 3568 2088 3621 hanc
2132 3568 2445 3622 sententiam
2477 3568 2695 3625 Colum.
2731 3572 2992 3643 egregie,

1950 3648 2127 3713 tih.1,
2149 3666 2268 3719 cap.
2298 3666 2357 3702 ιε
2380 3650 2566 3703 Usus
2584 3660 2641 3703 et
2657 3650 2991 3721 expet-fienda

1951 3725 2352 3781 dominantur
2334 3748 2391 3781 m
2436 3730 2675 3783 artibus.
2698 3748 2888 3803 neque
2916 3744 2993 3784 est

1951 3806 2061 3861 ulla
2082 3806 2361 3879 discipline
2378 3847 2395 3873 ,
2416 3808 2471 3861 in
2499 3828 2606 3881 qua
2626 3828 2739 3863 non
2758 3828 2993 3882 peccun-

1952 3885 2025 3940 do
2054 3886 2321 3950 discatur,
2345 3900 2443 3942 etc.
2467 3914 2490 3937 a
2524 3888 2710 3943 Hann.

2038 3986 2086 4019 a.
2122 3966 2413 4022 For-tissimi·
2443 3967 2570 4021 1120
2596 3968 2730 4023 Cato
2748 3969 2991 4040 inpres-

1950 4046 2077 4100 libri
2102 4045 2171 4100 de
2197 4048 2275 4100 Re
2303 4047 2449 4101 Rust.
2478 4048 2659 4103 Ηιιιιι.

2034 4125 2087 4181 3.
2113 4126 2199 4181 Ex
2226 4130 2455 4198 agricolis
2482 4131 2768 4199 gignuntur.
2804 4129 2947 4185 cnm
2968 4168 2991 4195 ,
