3150 5150
941 545 1082 629 184
1461 547 1536 612 C.
1596 546 1937 615 PLINII
1994 547 2211 614 NAT.
2270 547 2527 615 HIST.

928 663 1232 745 dixisse¹⁴
1261 699 1614 771 possumus
1638 677 1881 759 videri,
1916 677 2277 746 etiamnum
2308 691 2529 746 tamen
2564 677 2829 746 traditas
2856 695 3010 749 notas

931 781 1496 878 subsignabimus»,
1532 784 1807 854 Catonis
1826 769 1873 806 ¹⁵
1910 783 2195 852 maxime
2222 783 2485 852 verbis:
2532 781 2813 853 Ehulum
2832 769 2907 870 ¹⁶,
2931 787 3011 854 vel

929 914 1184 984 prunus
1227 888 1579 975 silvestriS,
1622 889 1729 958 vel
1774 889 2017 977 rubus,
2060 887 2303 958 bulbus
2338 891 2661 976 minutus,
2698 889 3012 976 trifolium,

927 994 1196 1064 herba⁸⁷
1261 997 1619 1090 pratensiS,
1682 1020 2001 1091 quercus,
2060 994 2375 1064 silvestris
2418 997 2634 1091 pirus,
2676 995 3009 1089 malusque,

931 1101 1346 1171 frumentarii
1383 1100 1502 1171 soli
1529 1117 1723 1172 notae.
1766 1105 1935 1172 Item
1972 1103 2161 1196 nigra
2192 1115 2403 1188 terra,
2432 1117 2500 1170 et
2530 1103 2767 1171 cinerei
2794 1102 3007 1172 coloris.

932 1208 1170 1278 Omnis
1210 1221 1392 1277 creta
1431 1209 1693 1302 coquit,
1736 1209 1859 1278 nisi
1896 1231 2281 1302 permacra3
2328 1206 2794 1303 sabulumque‚
2828 1211 2931 1277 nisi
2960 1209 3009 1276 id

931 1313 1129 1384 etiam
1161 1327 1482 1408 pertenue
1511 1329 1615 1382 est
1648 1343 1665 1384 ε
1707 1329 1773 1384 et
1813 1313 2025 1386 multo
2056 1314 2537 1410 campestribus
2564 1315 2769 1409 magis
2788 1361 2807 1398 ,
2846 1339 3009 1409 quam

932 1418 1230 1506 clivosis,
1266 1419 1673 1550 respondent
1700 1420 1953 1490 eadem.

865 1535 896 1588 3
1041 1524 1352 1596 Modum¹
1411 1527 1557 1620 agri
1592 1528 1663 1596 in
1700 1529 1929 1622 primis
1966 1525 2365 1596 servandum
2400 1525 2655 1620 antiqui
2690 1541 3007 1621 putavere:

930 1634 1176 1729 quippe
1197 1633 1286 1701 ita
1317 1632 1709 1718 censebant3
1737 1662 1772 1697 α
1800 1634 2017 1702 Satius
2040 1657 2183 1703 esse
2201 1635 2431 1705 minus
2462 1656 2715 1716 serere,
2742 1647 2807 1702 et
2822 1631 3011 1701 melius

931 1763 1124 1808 arare
1142 1767 1178 1803 n
1209 1757 1226 1800 τ
1271 1761 1405 1832 qua
1433 1740 1506 1807 in
1529 1739 1853 1810 sententia
1868 1753 1935 1808 et
1952 1737 2303 1834 Virgilium
2333 1739 2534 1809 fuisse
2548 1737 2764 1809 video.
2786 1741 3014 1808 Verum·

929 1871 1058 1944 que
1093 1843 1565 1916 confitentibus
1608 1844 1953 1918 latifundia
1994 1845 2341 1940 perdidere
2383 1844 2683 1934 Italiam,
2717 1847 2844 1940 jam
2879 1868 3004 1912 vero

1017 2050 1038 2084 1
1055 2037 1106 2094 4.
1134 2029 1344 2082 Abunde
1369 2029 1560 2083 dhisse.
1586 2029 1755 2082 Libro
1772 2046 1951 2101 super.
2037 2041 2308 2096 numerat,
2333 2029 2429 2082 lib.
2458 2029 2513 2082 11
2522 2065 2539 2089 ‚
2584 2045 2702 2100 cap.
2734 2049 2796 2093 s,
2824 2029 3012 2096 itemque

928 2129 1046 2181 esp.
1074 2109 1126 2162 3.

1018 2208 1039 2242 1
1054 2189 1106 2244 5.
1134 2189 1351 2242 Catonis.
1371 2189 1500 2242 Ηωο
1525 2187 1669 2260 apud
1696 2189 1955 2242 Catonem

929 2269 1204 2339 hucusque
1246 2269 1466 2324 minime
1526 2281 1753 2339 reperta.
1816 2268 1955 2322 Sunt

929 2345 1170 2420 quaedam
1197 2366 1266 2402 ex
1299 2347 1365 2401 iis
1389 2346 1532 2418 apud
1571 2348 1919 2402 Columellam
1939 2385 1955 2412 ,

927 2427 1024 2489 lib.
1049 2427 1128 2487 11.
1151 2445 1267 2497 esp.
1301 2445 1328 2478 2
1354 2444 1367 2478 :
1389 2449 1410 2470 ι
1429 2427 1695 2480 Plurimos
1712 2427 1957 2498 antiquo-

929 2525 1079 2569 rum,
1110 2505 1318 2578 inquit,
1346 2507 1444 2577 qui
1473 2505 1542 2560 de
1569 2507 1776 2560 rusticis
1794 2507 1956 2559 rebus

929 2588 1280 2657 scripserunt,
1295 2586 1552 2639 memoria
1569 2598 1756 2657 repeto
1772 2625 1788 2651 ,
1805 2584 1955 2657 quasi

930 2665 1166 2719 confessa
1187 2704 1203 2729 ,
1235 2682 1336 2717 nec
1363 2664 1526 2718 dubia
1555 2666 1701 2735 signa
1741 2665 1953 2737 pinguis

929 2763 989 2800 oc
1011 2744 1398 2797 frumentorum
1421 2744 1613 2797 fertilis
1637 2745 1748 2814 agri
1770 2744 1953 2815 prodi·

929 2824 1102 2887 disse,
1133 2821 1476 2877 dulcedinem
1507 2824 1607 2877 soli
1638 2825 1914 2895 propriam
1936 2863 1953 2890 ,

927 2905 1214 2958 herbarum
1243 2914 1298 2955 et
1321 2904 1573 2957 arborum
1605 2916 1952 2973 proventum,

927 2985 1139 3055 nigrum
1155 2984 1392 3036 colorem
1407 2982 1491 3035 vel
1505 2983 1795 3046 cinereum,
1807 2996 1907 3035 etc.
1923 3009 1945 3031 ι

929 3068 998 3117 Et
1015 3076 1136 3135 post
1146 3060 1384 3135 quodam
1406 3062 1712 3133 interposita
1731 3062 1955 3116 :uMulta

927 3156 1050 3198 sunt
1070 3161 1187 3214 quae
1207 3155 1400 3197 terrum
1413 3142 1696 3195 frumentis
1716 3141 1952 3195 habilem

927 3223 1227 3295 significent
1241 3262 1256 3287 ,
1283 3236 1345 3277 ut
1361 3223 1552 3294 juncus
1566 3261 1582 3283 .
1611 3234 1671 3274 ut
1682 3222 1917 3275 calamus
1934 3261 1951 3288 ,

927 3316 984 3356 ut
1012 3322 1226 3375 gramen
1243 3341 1260 3367 ,
1283 3316 1344 3355 ut
1371 3302 1629 3356 trifolium
1647 3340 1663 3366 ‚
1694 3302 1915 3355 ebulum
1932 3338 1946 3360 ‚

925 3384 1046 3435 rubi
1065 3418 1081 3447 ‚
1107 3381 1270 3453 pruni
1305 3380 1564 3435 silvestres
1594 3394 1647 3433 et
1675 3380 1777 3434 ulia
1802 3399 1950 3434 com·

925 3462 1082 3531 plura
1105 3500 1121 3525 ,
1171 3480 1292 3532 quse
1337 3461 1495 3514 etiam
1548 3458 1951 3531 indagatoribus

924 3559 1181 3611 aquarum
1195 3552 1344 3601 nota,
1357 3541 1568 3593 nonnisi
1584 3539 1832 3594 dulcibus
1853 3554 1951 3594 ter·

923 3637 998 3672 τω
1025 3620 1176 3673 venis
1203 3618 1514 3674 educantur.
1539 3646 1562 3669 ι
1598 3621 1780 3675 ΗΑιιῐ).

1009 3703 1099 3754 ιδ.
1123 3698 1332 3752 Ebulum
1349 3738 1364 3763 ,
1385 3712 1484 3753 etc.
1507 3702 1585 3752 De
1608 3698 1691 3752 his
1710 3719 1806 3753 suo
1827 3701 1947 3755 loco

921 3777 1178 3833 dicemus.
1198 3779 1278 3831 De
1301 3778 1474 3831 bulbo
1497 3779 1770 3849 inprimis,
1792 3782 1949 3845 xlx,

924 3861 1012 3914 30.
1045 3859 1225 3912 Herba
1255 3858 1511 3928 pratensis
1534 3858 1759 3920 Catoni,
1782 3860 1947 3913 Colu-

918 3940 1088 3992 mella
1108 3956 1170 3993 ac
1195 3937 1396 3991 ceteris
1419 3955 1639 4006 gramen
1667 3950 1759 3991 est.
1796 3938 1863 3992 H.

1005 4036 1093 4089 17.
1139 4018 1308 4069 Herba
1346 4021 1607 4087 prulensis.
1650 4018 1817 4071 Lotus
1857 4022 1944 4073 vel

915 4096 1122 4152 Medica
1151 4116 1166 4151 ε
1199 4116 1327 4151 nom
1362 4097 1444 4149 he
1487 4097 1543 4149 in
1582 4097 1941 4169 pinguissimis

911 4179 1051 4249 agris
1082 4178 1420 4252 proveniunt.
1451 4178 1687 4233 Gramen
1722 4179 1937 4233 Colum.

2035 2111 2263 2180 juncum
2299 2121 2351 2162 et
2392 2109 2657 2162 calamum
2680 2127 2695 2160 ε
2720 2120 2778 2160 ut
2823 2107 3011 2160 fortassis

2040 2206 2125 2241 eus
2142 2190 2346 2261 plantus
2362 2187 2583 2241 herbam
2598 2199 2883 2258 pratensem
2894 2197 3011 2238 vocet

2040 2267 2191 2321 Cato.
2214 2269 2424 2320 Dauo.

2128 2370 2147 2400 ι
2160 2349 2212 2402 8.
2228 2347 2430 2398 Modum
2446 2350 2573 2416 agri.
2588 2349 2657 2400 In
2678 2365 2791 2400 eam
2806 2362 2903 2398 rem
2918 2343 3010 2394 scite

2039 2437 2093 2480 et
2118 2427 2381 2497 eleganter
2406 2427 2731 2484 Columella,
2762 2426 2798 2478 l.
2823 2425 2871 2488 1,
2888 2442 2927 2476 c.
2952 2421 3001 2472 3:

2047 2530 2070 2552 ι
2087 2506 2199 2558 Nos
2219 2505 2288 2559 ad
2314 2519 2455 2560 certa
2479 2519 2745 2580 precepta
2774 2501 2891 2558 illud
2914 2499 3013 2572 adji-

2040 2586 2225 2654 cimus,
2237 2585 2384 2658 quod
2400 2588 2604 2658 sapiens
2620 2606 2761 2641 unus
2774 2586 2838 2639 de
2853 2594 3011 2653 septem

2036 2665 2093 2718 in
2126 2678 2448 2738 perpetuum
2486 2666 2783 2737 posteritati
2820 2682 3013 2734 pronun·

2038 2746 2193 2798 tiavit
2208 2784 2223 2811 ,
2251 2749 2425 2817 μέτρον
2444 2746 2645 2816 ἄριστον
2660 2783 2677 2812 ,
2698 2740 3011 2799 adhibendum

2038 2823 2259 2879 modum
2274 2842 2687 2896 mensuramque
2698 2826 2847 2877 rebus
2862 2820 3014 2890 :idque

2038 2917 2100 2957 ut
2124 2924 2233 2957 nou
2260 2905 2433 2958 solum
2456 2903 2607 2958 aliud
2640 2904 2853 2961 acturis,
2878 2898 2954 2953 sed
2975 2910 3015 2949 et

2036 3002 2220 3055 agrum
2259 2984 2518 3056 paz-amris
2562 2982 2765 3037 dietum
2805 2980 3015 3048 intelliga-

2038 3075 2158 3117 tur:
2183 3082 2251 3116 ne
2274 3066 2733 3135 majorem‚quam
2747 3061 2873 3115 ratio
2884 3060 3017 3113 celeu-

2035 3142 2210 3196 lorum
2240 3142 2499 3214 patiatur,
2536 3162 2719 3197 emere
2742 3141 2873 3194 velit.
2908 3140 3014 3190 Nam

2034 3220 2142 3277 huc
2170 3223 2404 3295 pertinet
2426 3223 2685 3293 preclara
2702 3221 2863 3275 nostri
2882 3228 3018 3291 poeto

2034 3302 2295 3355 sententia
2324 3321 2338 3355 :
2374 3302 2600 3354 Laudato
2644 3306 2851 3372 &agentia
2887 3318 2981 3350 rura
3003 3338 3015 3358 ,

2038 3383 2287 3452 Exiguum
2312 3382 2477 3434 colito.
2516 3382 2683 3447 Quod
2712 3383 2793 3435 vir
2814 3376 3020 3433 eruditis·

2034 3462 2222 3527 simus,
2242 3475 2304 3515 ut
2320 3480 2435 3515 mea
2452 3463 2553 3515 sert
2567 3461 2755 3532 opinio
2772 3501 2789 3525 ‚
2806 3457 3019 3513 traditum

2034 3554 2186 3595 vetus
2212 3554 2538 3614 praeceptum
2554 3541 2794 3595 numeris
2806 3536 3019 3610 signavit:

2031 3622 2234 3693 quippe
2258 3620 2679 3693 antiquissimam
2712 3630 2909 3692 gentem
2928 3618 3020 3669 Poe·

2031 3720 2136 3755 nos
2152 3700 2341 3754 dixisse
2362 3702 2639 3765 convenit,
2656 3700 3019 3754 imbecilliorem

2032 3800 2215 3853 agrum
2258 3799 2415 3853 quam
2447 3782 2736 3852 agricolam
2764 3796 2867 3832 esse
2890 3776 3021 3831 debe·

2032 3878 2115 3915 re:
2126 3863 2377 3933 quonium
2391 3879 2559 3932 quum
2576 3861 2647 3916 sit
2658 3852 3019 3914 colluctandum

2030 3958 2152 3993 cum
2180 3960 2245 3993 eo
2258 3979 2275 4007 ,
2294 3942 2334 3994 si
2358 3940 2557 3995 fundus
2575 3938 2855 4013 pravuleat
2868 3975 2883 4001 ,
2901 3931 3021 3987 allidi

2030 4019 2333 4074 dominum.
2351 4022 2464 4074 Nec
2482 4020 2709 4073 dubium
2732 4018 2859 4089 quin
2876 4015 3024 4068 minus

2028 4098 2220 4153 reddat
2237 4101 2385 4153 laxus
2404 4118 2531 4171 ager
2554 4118 2665 4153 non
2688 4108 2830 4151 recte
2852 4095 3021 4149 miltun.

2028 4199 2186 4251 quam
2214 4194 2465 4251 angustus
2492 4179 2705 4233 eximie.
2734 4202 2757 4223 ·
2791 4176 2955 4234 HARD÷

2224 4428 2247 4462 ’κ
