3150 5150
771 463 872 582 '82
1323 503 2053 576 c.PL1N11NA‘1·.
2114 505 2360 573 u1s1

777 641 1161 712 distribuit:
1215 663 1406 708 moro
1448 639 1534 706 ab
1586 623 1861 733 idibus³⁶
1909 636 2315 706 februariis
2298 663 2365 706 m
2408 641 2917 733 aequinoctium,

781 751 924 845 piro
956 761 1396 816 autumnum:
1427 747 1520 814 ita
1549 759 1625 814 ut
1652 745 1955 812 brumam
1988 743 2339 838 quindenis
2368 769 2494 814 nec
2532 746 2753 816 minus
2786 747 2919 816 die·

781 859 906 925 bus
943 852 1354 924 antecedant.
1409 850 1607 920 Malis
1642 850 1917 936 aestiviS‚
1958 865 2028 918 et.-
2076 851 2412 938 cotoneis,
2460 853 2619 921 item
2666 853 2913 935 sorbiS‚

783 963 1068 1090 prunis„3
1091 974 1241 1055 post
1279 957 1558 1028 mediam
1596 958 1881 1026 hiemem
1926 958 1991 1024 in
2043 956 2190 1026 idus
2234 956 2617 1027 februarias.
2654 958 2919 1052 siliquae

783 1052 1093 1138 Graecae³⁷
1099 1118 1120 1152 ‚
1161 1081 1230 1136 et
1258 1065 1576 1143 Persici5‚
1604 1078 1765 1133 ante
1796 1063 2103 1132 brumam
2148 1087 2272 1158 per
2312 1077 2737 1134 autumnum.
2773 1066 2917 1134 Nu-

781 1159 1031 1244 cibus³⁸
1036 1225 1056 1260 ,
1080 1170 1424 1267 juglandi,
1447 1185 1518 1240 et
1543 1171 1791 1266 pineae,
1824 1183 1893 1238 et
1927 1167 2271 1254 avellanae,
2314 1184 2383 1239 et
2416 1195 2682 1265 graecae,
2718 1183 2919 1266 atque

781 1296 1138 1364 castaneae,
1178 1303 1218 1347 a
1265 1276 1559 1348 kalendis
1612 1277 1901 1362 martiis,
1944 1274 2033 1344 ad
2092 1275 2241 1346 idus
2284 1262 2631 1346 easdem³⁹.
2682 1276 2874 1347 Salici
2896 1331 2917 1362 ‚

781 1389 1084 1482 genistae,
1109 1386 1282 1454 circa
1317 1371 1621 1454 martias⁴
1626 1381 2011 1452 ⁰.kalendas
2032 1384 2273 1452 Hanc
2254 1405 2325 1451 ιιι
2361 1370 2585 1452 siccis⁴
2591 1382 2919 1467 'semine‚

781 1493 959 1563 illam
995 1494 1063 1562 in
1099 1489 1387 1560 humidis
1418 1491 1608 1584 virga
1646 1491 1775 1559 seri
1810 1489 2119 1558 diximus.

710 1600 744 1652 8
889 1585 1103 1692 (xix.)
1155 1600 1276 1666 Est
1311 1597 1509 1666 etiam
1553 1621 1733 1667 nunc
1772 1619 1948 1666 nova
1992 1594 2323 1666 inserendi
2370 1598 2576 1682 ratio,
2620 1621 2709 1667 ne
2762 1597 2921 1691 quid

781 1709 993 1775 sciens
1025 1703 1293 1842 quidem
1335 1717 1756 1797 praeteream,
1794 1701 1975 1796 quod
2014 1725 2296 1796 usquam
2340 1705 2703 1772 invenerim
2730 1755 2750 1790 ,
2780 1705 2921 1772 Co-

781 1797 1134 1882 lumellae⁴²
1187 1810 1591 1904 excogitata,
1634 1822 1711 1877 ut
1749 1808 2042 1878 affirmat
2086 1809 2257 1903 ipse,
2300 1833 2433 1904 qua
2490 1807 2596 1878 vel
2644 1809 2923 1879 diversae

784 1913 1324 2010 insociabilesque
1369 1930 1623 1985 naturae
1654 1913 1967 1984 arbonam
2008 1913 2427 2010 copulentur,
2469 1930 2548 1985 ut
2578 1914 2689 1986 fici
2724 1929 2923 2010 atque

781 2023 960 2094 oleae.
987 2027 1184 2093 Juxta
1219 2021 1392 2090 hanc
1423 2024 1549 2090 seri
1578 2022 1781 2091 ficum
1805 2021 1996 2116 jubet
2019 2046 2153 2090 non
2184 2021 2503 2117 ampliore
2537 2021 2920 2113 intervallo,

779 2153 978 2225 quam
1023 2143 1100 2198 ut
1142 2128 1435 2222 contingi
1480 2125 1663 2222 large
1704 2128 1914 2223 possit
1954 2151 2143 2196 ramo
2193 2127 2353 2200 oleae
2389 2153 2593 2223 quam
2638 2129 2923 2197 maxime

783 2238 1046 2332 sequaci
1079 2239 1278 2329 :itque
1324 2233 1715 2323 obedituro3
1754 2257 2038 2328 eumque
2081 2237 2265 2303 omni
2314 2236 2579 2305 interim
2621 2249 2923 2329 tempore

781 2343 1078 2412 edomari
1121 2288 1999 2410 meditatione⁴³ci1rvandi.
2046 2343 2287 2412 Postea
2314 2341 2445 2413 fico
2478 2341 2723 2436 adepta
2754 2344 2924 2410 vines

867 2533 961 2587 36.
991 2532 1136 2585 Mor-o
1175 2529 1238 2583 ab
1279 2530 1454 2585 idibus.
1483 2529 1813 2595 Columella,

785 2616 878 2669 lib.
904 2613 976 2678 V,
997 2630 1045 2666 c.
1069 2630 1139 2665 ιο
1158 2627 1174 2664 =
1194 2610 1398 2677 «Mala,
1418 2612 1601 2676 sorba,
1624 2630 1811 2682 pruna,

785 2706 906 2766 post
923 2690 1151 2745 mediam
1175 2708 1396 2743 messem
1424 2710 1593 2762 usque
1616 2691 1669 2743 in
1690 2690 1812 2743 idus

788 2775 1021 2828 februar.
1039 2770 1218 2825 serito.
1245 2770 1524 2825 Mororum
1544 2772 1613 2824 ab
1633 2770 1814 2823 idibus

790 2853 926 2907 febr.
937 2869 1102 2923 usque
1115 2848 1184 2905 ad
1194 2850 1571 2923 nquinoctium
1590 2868 1810 2903 vernum

789 2934 925 2987 satio
955 2944 1052 2984 est.
1079 2956 1102 2977 ·
1135 2930 1317 2983 Ham).

876 3013 970 3085 37.
991 3010 1192 3083 Se‘la‘quae
1211 3029 1404 3079 ἕνωσιν.
1425 3010 1505 3061 De
1521 3008 1718 3081 quibus
1734 3008 1816 3063 di-

792 3094 966 3147 ximus
989 3090 1087 3144 lib.
1115 3089 1240 3155 XV,
1269 3108 1383 3161 cap.
1413 3092 1505 3144 26.
1531 3090 1813 3143 Columell.

793 3175 897 3226 loc.
920 3172 1011 3226 cit.
1047 3194 1071 3217 ι
1093 3168 1352 3241 Siliquam
1379 3188 1631 3239 graecam,
1653 3188 1815 3241 quam

795 3251 1014 3323 quidam
1043 3251 1262 3321 κιριῐτιον
1293 3262 1510 3313 vocant,
1554 3262 1609 3303 et
1646 3248 1819 3303 Persi-

798 3348 920 3384 cum
939 3369 956 3396 ,
978 3342 1101 3384 ante
1115 3330 1360 3383 brumam
1381 3347 1479 3401 per
1504 3343 1819 3383 autumnum

799 3410 978 3464 serito.
995 3436 1020 3456 s·
1045 3408 1224 3461 Hann.

883 3489 977 3543 38.
1009 3488 1240 3542 meabas.
1263 3488 1550 3542 Columeli.
1584 3490 1688 3543 loc.
1730 3491 1819 3543 cit.

809 3597 831 3618 ι
854 3568 1036 3633 Quum
1075 3566 1246 3621 ferula
1282 3567 1446 3621 fuerit
1487 3582 1671 3634 enata,
1703 3588 1821 3623 eam

803 3646 1028 3711 findito,
1053 3658 1108 3700 et
1123 3646 1180 3699 in
1191 3645 1425 3701 medulla
1451 3648 1565 3718 ejus
1586 3649 1699 3701 sine
1720 3668 1823 3721 pu-

805 3727 1005 3783 tamine
1027 3742 1222 3779 nucem
1241 3744 1493 3797 grecam,
1519 3739 1611 3780 aut
1630 3728 1825 3782 avella-

803 3826 928 3863 nam
953 3802 1288 3870 abscondito,
1325 3819 1380 3861 et
1411 3806 1482 3859 ita
1519 3805 1821 3861 adobruito.

806 3888 925 3942 Hoc
963 3898 1085 3941 ante
1105 3884 1356 3939 kalendas
1386 3886 1601 3940 martias
1634 3887 1791 3941 facito
1805 3926 1823 3952 ,

805 3968 890 4023 vel
915 3968 1076 4021 etiam
1101 3964 1242 4020 inter
1260 3984 1427 4019 nonas
1454 3978 1508 4018 et
1538 3963 1659 4020 idus
1684 3984 1823 4021 mat-

803 4050 918 4103 tias.
941 4044 1145 4101 Eodem
1168 4059 1411 4117 tempore
1419 4044 1746 4117 juglandem,
1772 4060 1824 4100 et

801 4129 1013 4199 pineam
1028 4164 1044 4192 ,
1071 4141 1124 4180 et
1152 4138 1446 4181 castaneam
1467 4144 1644 4179 serem
1666 4144 1823 4198 opor-

1900 2543 1995 2585 tet.
2024 2557 2049 2579 ι
2081 2533 2163 2586 De
2191 2532 2275 2587 his
2294 2551 2495 2588 nucum
2522 2533 2813 2605 generibus
2845 2531 2923 2587 di-

1901 2624 2044 2665 ctum
2072 2625 2149 2667 est
2172 2612 2267 2666 lib.
2298 2614 2429 2679 XV,
2449 2632 2497 2669 c.
2532 2620 2623 2677 ²4·
2644 2614 2838 2669 Ham».

1984 2690 2076 2761 39.
2100 2692 2195 2745 Ad
2207 2694 2528 2747 iduma-edem
2548 2695 2668 2747 Hoc
2678 2706 2781 2763 est,
2790 2714 2923 2748 mar-

1900 2772 2013 2824 tias.
2042 2773 2221 2825 Hm).

1986 2856 2073 2915 40.
2104 2850 2289 2917 salici,
2313 2855 2515 2922 genistae
2528 2892 2545 2919 ,
2568 2856 2701 2906 eima
2732 2858 2925 2907 manias

1900 2930 2093 2983 kalend.
2152 2929 2443 2985 Columell.
2484 2932 2583 2986 lib.
2622 2932 2697 2987 de
2734 2936 2923 2989 Arbor.

1898 3028 2017 3081 cap.
2048 3028 2119 3081 ²9
2142 3028 2157 3064 :
2186 3010 2443 3065 -Salicem
2462 3024 2517 3065 et
2540 3012 2802 3084 genistam
2826 3034 2927 3069 ωε·

1899 3103 2079 3143 scente
2094 3090 2219 3145 luna
2233 3109 2357 3144 vere
2368 3091 2511 3147 circa
2524 3091 2783 3149 kalendas
2799 3114 2927 3149 mar·

1904 3169 2001 3223 tias
2028 3170 2208 3223 serito.
2238 3170 2379 3223 salix
2401 3169 2621 3225 humida
2644 3174 2771 3227 loca
2796 3174 2927 3229 desi·

1906 3247 2079 3311 derat,
2110 3250 2309 3322 genista
2328 3251 2488 3304 etiam
2514 3252 2673 3307 sicca.
2694 3280 2717 3301 a
2752 3254 2825 3309 H.

1994 3334 2086 3393 41.
2114 3330 2262 3382 Hanc
2286 3333 2340 3382 in
2364 3334 2519 3384 siccis.
2544 3333 2613 3385 In
2658 3335 2926 3389 montibus

1908 3408 2135 3479 genistas
2166 3423 2358 3483 sponte
2395 3409 2541 3464 nasci
2584 3411 2794 3467 Plinius
2818 3426 2927 3467 ante

1909 3488 2219 3557 admonuit,
2240 3490 2337 3543 lib.
2378 3489 2547 3559 xv1,
2583 3510 2703 3563 cap.
2734 3492 2829 3548 30.
2864 3496 2925 3547 In

1908 3566 2227 3623 fluminibus
2242 3569 2445 3633 salices,
2484 3572 2568 3624 vel
2598 3572 2827 3644 depacto
2856 3587 2929 3627 te·

1910 3665 2057 3701 mere
2078 3649 2295 3703 surculo
2310 3689 2328 3715 ,
2352 3648 2590 3721 ejusdem
2615 3652 2743 3706 libri
2765 3672 2814 3710 c.
2842 3658 2925 3717 ⁴6,

1910 3732 2011 3799 67,
2033 3730 2130 3784 68.
2152 3730 2335 3783 ΗΑιιι).

1994 3813 2063 3870 4²
2076 3850 2088 3862 .
2118 3808 2400 3863 Columelloe
2440 3813 2736 3880 excogitata.
2772 3812 2929 3867 Colu-

1912 3888 2057 3941 mell.
2087 3889 2237 3941 locus
2259 3900 2338 3942 est
2355 3929 2371 3956 ‚
2398 3890 2435 3941 1.
2455 3889 2527 3955 V,
2549 3909 2597 3944 c.
2622 3910 2645 3945 1
2664 3909 2687 3944 ι
2702 3930 2715 3943 .
2730 3894 2926 3945 Daue.

1996 3966 2087 4029 43.
2118 3968 2436 4022 Meditate‘one
2464 3970 2713 4025 curvandi.
2742 3972 2926 4025 Assue-

1908 4044 2114 4103 tudine.
2140 4049 2217 4101 Ut
2242 4048 2452 4103 assidue
2474 4064 2721 4118 curvata,
2740 4050 2927 4105 fissurae

1908 4127 2171 4183 assuefiat.
2200 4129 2382 4185 ΗΑιιο.
