3150 5150
896 508 1202 575 LIBER
1260 506 1563 575 xvul.
2155 510 2296 595 343

160 638 541 708 vocabitur.
581 640 935 707 Ducantur
980 638 1221 708 deinde
1268 637 1411 709 aliae
1455 637 1604 706 duae
1651 636 1838 709 lineae
1885 642 1954 707 in
1989 640 2297 713 decusses

160 742 495 839 obliquae,
533 746 625 813 ita
659 757 736 814 ut
764 768 805 813 a
834 746 1323 841 septemtrionis
1358 744 1592 813 dextra
1627 742 1918 842 laevaque
1951 745 2037 815 ad
2071 751 2296 823 Austri

150 845 465 920 dextram
498 850 859 945 laevamque
884 850 1306 921 descendant.
1350 852 1604 922 Omnes
1645 875 1766 945 per
1805 852 2112 922 eumdem
2151 879 2296 925 cur·
2336 892 2362 925 2

154 971 321 1025 rant
347 956 731 1027 umbilicum
752 1011 773 1043 ,
823 982 1055 1027 omnes
1090 958 1264 1027 inter
1301 982 1371 1027 se
1407 980 1604 1053 pares
1637 959 1806 1044 sint,
1850 960 2148 1029 omnium
2195 962 2294 1029 in-

154 1062 449 1133 tervalla·
475 1065 681 1159 paria.
728 1064 899 1153 Quae
952 1064 1121 1133 ratio
1156 1062 1359 1133 semel
1396 1065 1465 1133 in
1502 1088 1768 1158 quoque
1801 1086 1963 1159 agro
2007 1067 2296 1137 ineunda

152 1169 329 1252 erit,
390 1168 495 1241 vel
532 1172 587 1241 si
626 1171 861 1266 saepius
903 1168 1105 1241 libeat
1145 1172 1241 1239 uti
1268 1223 1291 1257 ,
1333 1196 1371 1240 e
1422 1168 1606 1289 ligno
1654 1169 1952 1239 facienda
1972 1222 1991 1255 ,
2053 1172 2296 1267 regulis

150 1274 474 1367 paribus
458 1302 525 1347 m
552 1262 983 1372 tympanum⁴
1020 1278 1365 1371 exiguum,
1400 1276 1517 1346 sed
1547 1275 1980 1364 circinatum,
2025 1278 2294 1351 adactis.

150 1382 449 1452 Ratione
477 1408 609 1478 qua
642 1382 891 1469 doceo,
925 1383 1411 1453 occurrendum
1452 1382 1730 1477 ingeniis
1767 1407 2034 1478 quoque
2079 1386 2292 1480 impe·
2375 1425 2387 1441 =

146 1488 443 1560 ritorum
468 1505 590 1560 est.
626 1490 975 1559 Meridiern
1008 1491 1227 1560 excuti
1266 1488 1518 1584 placet,
1553 1488 1871 1583 quoniam
1903 1514 2163 1585 semper
2196 1506 2296 1561 est

146 1592 391 1663 idem.
446 1595 542 1667 sol
586 1608 807 1665 autem
855 1586 1149 1715 quotidie
1190 1620 1272 1664 ex
1324 1595 1453 1665 alio
1493 1593 1634 1665 caeli
1676 1611 2058 1684 momento,
2093 1622 2292 1691 quam

144 1699 404 1793 pridie,
432 1703 645 1771 oritur
674 1729 690 1771 :
730 1726 816 1772 ne
848 1704 994 1797 quis
1030 1702 1201 1772 forte
1228 1702 1312 1771 ad
1340 1716 1646 1772 exortum
1676 1701 2063 1796 capiendam
2101 1718 2293 1798 putet

144 1802 422 1877 lineam.
479 1812 581 1877 Ita
638 1808 779 1879 caeli
836 1823 1067 1879 exacta
1100 1822 1290 1905 parte
1313 1862 1333 1893 ,
1390 1807 1571 1903 quod
1611 1807 1810 1877 fuerit
1857 1806 2042 1879 lineae
2091 1824 2293 1903 caput
2333 1821 2364 1873 3

142 1916 611 2007 septemtrioni
650 1916 1025 2010 proximum
1060 1940 1100 1984 a
1136 1929 1323 2010 parte
1353 1916 1681 2002 exortiva,
1716 1913 2124 1985 solstitialem
2167 1915 2290 1984 ha-

140 2018 343 2089 bebit
377 2036 717 2111 exortum,
750 2022 884 2094 hoc
918 2035 1020 2112 est
1062 2020 1421 2116 longissimi
1457 2021 1623 2108 diei,
1655 2034 2064 2115 ventumque
2080 2022 2290 2115 Aqui-

138 2112 439 2217 lonem⁵,
480 2132 757 2199 Boream
803 2130 1055 2199 Graecis
1086 2128 1360 2197 dictum.
1417 2129 1499 2196 In
1538 2126 1721 2195 hunc
1755 2128 1988 2220 ponito
2019 2128 2292 2197 arbores

136 2235 477 2328 vitesque.
520 2234 650 2304 Sed
694 2235 825 2303 hoc
867 2236 1067 2303 flante
1097 2258 1183 2303 ne
1217 2248 1451 2303 arato·
1501 2231 1755 2326 frugem
1787 2258 1874 2301 ne
1907 2236 2148 2304 serito:
2187 2258 2290 2303 se-

136 2364 307 2409 men
336 2364 423 2409 ne
448 2341 670 2435 jacito.
714 2342 1119 2435 Praestringit
1152 2340 1329 2415 enim
1353 2352 1550 2434 atque
1575 2336 1873 2433 percellit
1898 2339 2007 2409 hic
2036 2339 2290 2409 radices

130 2446 471 2517 arborum
489 2500 512 2535 ,
536 2471 701 2542 quas
726 2449 1065 2541 positurus
1092 2446 1349 2517 afferes.
1384 2445 1766 2516 Praedoctus
1801 2459 1983 2516 esto:
2016 2442 2142 2515 alia
2181 2472 2285 2517 ro-

134 2552 363 2624 bustis
399 2569 709 2647 prosunt,
756 2552 885 2624 alia
920 2552 1301 2624 infantibus.
1346 2554 1491 2625 Nec
1533 2578 1682 2632 sum
1721 2550 2002 2640 oblitus,
2045 2553 2113 2620 in
2157 2552 2284 2624 hac
2323 2574 2354 2633 a

130 2675 341 2755 parte
371 2674 645 2732 ventum
672 2663 924 2732 Graecis
950 2663 1133 2756 poni,
1155 2684 1353 2755 quem
1370 2661 1656 2730 Coeciam
1682 2672 1944 2730 vocant.
1962 2659 2090 2728 Sed
2109 2661 2282 2730 idem

128 2766 575 2852 Aristoteles,
615 2768 719 2836 vir
764 2769 1097 2838 immensae
1134 2765 1541 2854 subtilitatis,
1570 2768 1684 2861 qui
1724 2765 1790 2834 id
1835 2767 2052 2860 ipsum
2091 2765 2284 2851 fecit,

124 2875 476 2944 rationem
500 2875 928 2944 convexitatis
958 2873 1183 2942 mundi
1214 2873 1463 2961 reddit,
1492 2895 1625 2968 qua
1651 2873 2022 2942 contrarius
2047 2871 2284 2965 Aquilo

124 2981 379 3050 Africo
416 2981 547 3050 flat.
584 2981 731 3050 Nec
768 2995 989 3051 tamen
1023 3005 1177 3049 eum
1212 2993 1357 3050 toto
1392 3003 1570 3050 anno
1619 2981 1689 3047 in
1729 2978 2056 3072 praedictis
2097 2979 2285 3046 timet

118 3086 461 3182 agricola.
486 3087 787 3158 Mollitur
814 3071 1059 3157 sidere⁶
1087 3101 1309 3156 aestate
1339 3085 1599 3172 media,
1619 3097 1972 3179 mutatque
2001 3108 2282 3166 nomen,

118 3208 201 3262 et
236 3196 507 3264 Etesias
540 3208 839 3290 vocatur.
886 3197 1069 3287 Ergo
1102 3217 1312 3288 quum
1341 3191 1655 3286 frigidum
1689 3191 1966 3274 sentieS,
2013 3204 2280 3260 caveto:

112 3327 209 3371 ac
262 3326 690 3405 quacumque
733 3299 971 3395 Aquilo
1019 3299 1431 3395 praedicitur,
1468 3311 1658 3367 tanto
1700 3296 2134 3391 perniciosior
2181 3321 2283 3365 se·

114 3409 465 3502 ptemtrio
488 3421 606 3478 est.
640 3411 718 3478 ln
745 3408 929 3478 hunc
952 3406 1160 3476 Asiae⁷
1166 3405 1515 3495 ,Graeciae‚
1541 3404 1909 3498 Hispaniae,
1940 3403 2288 3474 maritimae

210 3657 275 3714 4.
318 3651 644 3722 Tympanum.
672 3652 791 3705 Hoc
806 3664 914 3718 est,
932 3650 1171 3706 tabulam
1253 3652 1362 3722 jam
1376 3659 1528 3702 antea
1548 3643 1756 3700 Plinius
1772 3686 1788 3712 ,
1806 3644 1907 3700 lib.
1927 3647 1986 3700 11
2001 3685 2017 3710 ,
2037 3665 2158 3718 cap.
2179 3655 2249 3718 47
2271 3667 2285 3700 ε

103 3729 402 3795 condam,
432 3748 493 3784 ac
518 3731 745 3801 planam.
765 3731 947 3786 Hnm.
1264 3756 1287 3777 ι
1328 3728 1655 3800 Aquilones,
1695 3727 1898 3798 inquit,
1929 3745 2064 3798 qnos
2087 3727 2289 3780 Etesiae

206 3811 269 3865 5.
318 3811 653 3884 Aquilonem,
699 3812 925 3866 Bonam.
970 3811 1051 3864 De
1076 3829 1167 3863 va·
1255 3809 1539 3881 appellant.
1558 3805 1773 3860 Mollire
1798 3825 1887 3859 eos
1905 3803 2143 3860 creditur
2166 3807 2288 3860 solis

102 3893 197 3945 ria
230 3891 607 3962 appellatione
630 3904 914 3946 ventorum
940 3889 1171 3944 diximus
1255 3908 1422 3961 vapor
1443 3888 1740 3960 geminatus
1759 3885 1948 3940 ardore
1972 3883 2176 3938 sideris.
2189 3883 2286 3938 εΗ.

102 3969 359 4025 abunde
384 3972 483 4024 lib.
506 3973 595 4039 11,
624 3989 739 4044 cap.
778 3976 887 4037 46,
908 3983 1008 4025 etc.
1033 3969 1099 4024 Η.
1338 3987 1389 4039 7.
1416 3969 1459 4020 11
1441 3988 1473 4019 ιι
1500 3969 1624 4020 lame
1645 3967 1803 4019 Asioe.
1830 3967 1894 4019 Iu
1919 3964 2278 4036 Aquilonem,

202 4057 267 4104 6.
302 4051 463 4104 Molli
463 4064 544 4104 tur
566 4051 734 4104 si.dere
775 4050 981 4123 Aquilo
1010 4050 1170 4104 nimi
1256 4062 1349 4102 aut
1376 4047 1647 4109 Cariam,
1697 4065 1811 4100 non
1849 4045 1905 4098 in
1949 4043 2286 4116 septemtrio-

102 4151 279 4198 rmn,
300 4131 960 4204 quiEtesiasappellatur:
978 4129 1045 4186 de
1063 4150 1170 4203 quo
1259 4147 1401 4182 nem.
1433 4126 1617 4180 Ηιιιι).

1885 4219 2023 4300 22¹⁸
