3150 5150
351 0 584 13 -vva-ae—
666 1 678 8 -
721 3 746 14 -
767 0 1007 11 ,νην-*βή-

965 621 1284 690 LIBER
1335 571 1585 688 xvli.

2204 575 2346 684 13'3

209 753 438 846 guitur
471 751 736 820 ror-ibus
783 749 972 822 lentis
1009 768 1161 847 post
1205 740 1619 848 Vergilias⁴².
1674 750 1845 819 Nam
1896 751 1949 822 si
1968 735 2017 780 ⁴³
2068 750 2359 818 rarior-es-

209 859 398 928 fuere
417 910 439 945 ‚
468 856 881 953 perfundunt
899 858 1204 928 arborem
1222 911 1243 944 ,
1273 883 1409 930 non
1427 859 1558 929 scal
1613 871 1733 926 unt
1766 855 2003 927 scabie.
2036 858 2123 926 Et
2140 857 2349 950 grossi

209 964 462 1034 cadunt
483 1018 504 1051 ‚
571 965 627 1036 si
667 962 770 1033 vel
813 963 1056 1034 imbres
1105 964 1290 1035 nimii
1315 965 1516 1034 -fuere

213 1069 476 1140 laborat
493 1069 840 1142 radicibus
877 1069 1180 1140 madidis.

1527 951 1552 996 ⁴
1584 1015 1601 1030 .
1661 961 1809 1032 Alio
1862 946 2131 1034 modo⁴⁵
2183 961 2351 1032 ficus

281 1219 287 1224 -
319 1176 586 1248 vitibus
617 1189 857 1272 praeter
868 1161 920 1208 ⁴⁶
948 1176 1554 1250 vermiculationem
1584 1191 1653 1244 et
1680 1174 2147 1246 siderationem
2176 1201 2349 1245 mor·
2386 1180 2417 1232 8

209 1284 340 1352 bus
366 1281 714 1378 peculiaris
735 1269 1183 1368 articulatio⁴⁷,
1213 1283 1422 1354 tribus
1451 1283 1534 1353 de
1561 1284 1806 1356 causis:
1830 1305 1984 1366 una,
2000 1282 2065 1351 vi
2095 1295 2346 1376 tempe-

293 1458 386 1513 6²·
413 1451 538 1503 Post
581 1445 840 1520 Vergilias.
873 1451 1078 1522 Nempe
1108 1465 1233 1524 post

209 1547 398 1583 eamm
411 1529 963 1602 ortnmffheophnst.
972 1531 1238 1586 oriuntur

211 1622 395 1664 autem
438 1608 705 1675 Varroni,
743 1609 840 1663 lib.
882 1611 934 1675 1,
977 1629 1094 1683 cap.
1136 1614 1236 1677 28,

209 1687 618 1761 quadragesimo
631 1701 826 1759 quarto
841 1687 932 1743 die
945 1703 1063 1760 post
1082 1691 1242 1762 eqni·

211 1769 460 1822 noctium
485 1787 708 1822 vernum
724 1808 743 1833 ,
761 1766 820 1822 id
841 1783 946 1833 est,
967 1767 1038 1822 ad
1057 1770 1242 1840 vigesi-

210 1867 366 1902 mum
387 1847 640 1920 quintum
660 1845 806 1901 diem
831 1848 1031 1920 aprilis.
1059 1850 1196 1902 Du..

167 1965 180 1976 .
291 1928 389 1994 43.
421 1929 554 1982 Nam
577 1931 623 1980 u·
651 1931 872 1980 mrim-es.
896 1928 954 1982 Si
972 1928 1232 1994 rariores,

207 2008 390 2080 inquit
401 2045 421 2074 ‚
437 2007 587 2061 fuere
609 2025 784 2074 rores,
801 2007 1048 2062 arborem
1068 2020 1232 2062 totam

207 2089 390 2142 scabie
413 2085 746 2159 perfundunt
783 2104 846 2140 ac
875 2087 1062 2142 vitiant
1075 2126 1094 2154 ‚
1123 2107 1233 2142 non

206 2167 421 2224 eluunt.
455 2167 736 2238 Eleganter
777 2179 956 2221 antem
1001 2167 1206 2221 Plinius
1222 2205 1238 2231 ‚

208 2265 382 2318 quum
408 2247 616 2300 arboris
651 2246 760 2300 elui
785 2246 1014 2302 scabiem
1033 2247 1234 2319 signifi-

207 2346 334 2380 care
359 2326 552 2390 vellet,
577 2326 821 2380 arborem
856 2327 1031 2380 scabie
1073 2328 1236 2399 scalpi

208 2405 351 2459 dixit
365 2446 384 2471 ,
413 2403 562 2478 qnod
595 2404 879 2477 scalpendo
903 2406 1102 2462 scabies
1140 2406 1234 2461 de·

211 2487 356 2540 trabi
375 2483 448 2538 de
468 2485 785 2557 corporibus
795 2485 946 2540 solet.
961 2487 1257 2540 Hactenus-

207 2565 522 2638 legebatur:
567 2591 590 2615 ι
612 2566 878 2621 Caeternm
915 2567 958 2621 si
997 2565 1195 2621 cadunt
1216 2605 1232 2631 ,

209 2648 322 2700 sive
352 2645 716 2701 imbresnimii
735 2645 1022 2712 fuere,alio
1049 2646 1232 2708 modo,

209 2739 316 2780 etc.
341 2752 366 2775 ι
393 2726 558 2779 Plane
581 2724 791 2779 insulse.
811 2726 1014 2779 Locum
1029 2726 1237 2780 miseris

209 2805 389 2859 modis
401 2805 646 2859 vitiatum
663 2804 936 2859 Pintianus
959 2806 1234 2869 exclamat,

207 2898 374 2957 atque
397 2885 470 2939 ita
485 2884 744 2956 refingere
756 2885 964 2951 nititur,
977 2904 1042 2939 ex
1061 2886 1238 2941 Theo·

207 2966 470 3036 phrasto:
503 2988 528 3010 ι
547 2965 682 3019 Nam
720 2964 765 3019 si
788 2964 1021 3019 rariores
1050 2964 1232 3027 fuere,

209 3043 546 3116 perfundunt
577 3044 822 3097 arborem
849 3044 1040 3098 scabie.
1063 3044 1236 3098 Caete-

209 3142 336 3178 rum
353 3124 400 3177 si
421 3122 621 3179 cadunt
641 3124 1000 3177 imbresnimii
1013 3157 1030 3184 ,
1051 3124 1238 3178 eluunt

209 3222 392 3257 rorem
412 3216 508 3257 ant
519 3203 781 3274 scalpunt.
797 3229 820 3250 ι
841 3204 1232 3276 Dalecampius:

211 3309 232 3327 ·
250 3284 394 3337 Nam
412 3284 459 3336 si
479 3283 730 3355 largiores
744 3282 919 3347 fuere,
938 3295 1039 3337 etc.
1058 3309 1081 3331 ι
1111 3296 1236 3337 tunc

207 3364 356 3416 enim
369 3398 390 3427 ‚
421 3363 599 3435 inquit
612 3402 628 3427 ,
645 3362 809 3415 Plinii
833 3364 1098 3434 sequentia
1117 3382 1237 3417 ver-

209 3444 276 3496 ba
287 3444 675 3514 interpretans,
699 3441 884 3495 eluunt
906 3460 1112 3496 causam
1132 3462 1240 3497 sca·

207 3524 316 3577 biei
331 3562 350 3587 ‚
365 3542 478 3577 non
494 3522 822 3576 vitiant.Hoc
841 3538 967 3575 vero
980 3534 1058 3575 est
1075 3521 1236 3576 Plinii

205 3614 524 3657 contextum
539 3601 938 3673 integerrimum
954 3614 1241 3674 preposte-

205 3702 264 3735 ra
279 3680 661 3735 emendatione
673 3678 984 3752 depravare,
1001 3692 1054 3735 et
1066 3681 1237 3735 nihilo

207 3762 434 3815 meliore
471 3760 914 3832 interpretatione
937 3778 1240 3833 corrumpe·

207 3861 284 3894 re.
318 3842 386 3893 In
410 3840 564 3894 MSS.
594 3842 724 3911 Reg-
761 3858 783 3893 1
803 3879 821 3906 ,
852 3860 912 3905 a,
940 3842 1096 3895 Colb.
1137 3853 1237 3895 etc.

209 3920 638 3974 constantissime
655 3918 848 3990 legitur
867 3938 882 3973 :
902 3943 925 3965 ι
939 3918 1076 3973 Nam
1097 3921 1142 3975 si
1161 3938 1242 3973 ra·

209 4000 356 4053 dices
391 4000 572 4064 fuere,
609 3996 940 4069 perfundunt
964 4002 1208 4053 arborem
1221 4039 1237 4066 ,

213 4098 324 4131 non
348 4080 596 4149 scalpunt
609 4080 994 4133 scabiceterossi
1019 4078 1240 4146 cadunt,

213 4172 312 4211 etc,
339 4186 362 4207 ι
392 4158 555 4217 Unde
582 4178 680 4213 nos
707 4172 758 4213 et
781 4159 1040 4217 sinceram
1055 4160 1239 4213 lectio-

215 4258 334 4291 nem
381 4252 664 4310 postremae
707 4239 866 4309 partis
897 4239 1130 4303 eruimus
1147 4280 1162 4304 ,
1191 4253 1242 4293 et

1326 1452 1791 1524 interpretatione,
1818 1464 1879 1516 ut
1912 1469 2124 1516 remur,
2146 1451 2348 1505 sincera

1325 1531 1560 1602 priorem
1584 1531 1844 1584 fulsimus.
1868 1533 1948 1584 De
1971 1531 2164 1602 grossis
2190 1545 2350 1594 certe,

1325 1629 1418 1663 seu
1440 1610 1581 1675 ficis,
1606 1610 1695 1662 hic
1736 1629 1848 1664 esse
1877 1629 2177 1664 sermonem
2196 1644 2215 1672 ‚
2256 1610 2353 1664 ad·-

1327 1700 1581 1745 monente
1619 1689 1895 1762 Theophr.
1920 1688 2241 1754 didicimus,
2268 1703 2351 1744 to-

1326 1782 1442 1823 tum
1470 1767 1528 1821 id
1547 1767 1810 1832 tradente,
1838 1769 1975 1824 Hist.
1995 1770 2031 1822 l.
2051 1769 2157 1832 IV,
2174 1788 2221 1824 c.
2243 1775 2313 1825 16
2334 1789 2348 1824 :

1325 1839 1372 1901 H
1387 1843 1452 1902 M
1478 1848 1621 1919 ψῶρα.
1632 1847 1821 1920 μέλις-α
1837 1851 2026 1920 γίνεται
2044 1887 2061 1917 ,
2085 1851 2203 1904 ὅταν
2217 1845 2350 1922 ὕδωρ

1329 1927 1412 1983 ἐπὶ
1437 1923 1649 1982 masei&
1669 1930 1877 1998 μίνηται
1907 1930 1975 1999 μὴ
1995 1933 2136 1988 πολύ.
2159 1919 2257 1990 ἐὰν
2288 1928 2369 1984 ‹li-

1325 2010 1450 2062 πολὺ
1464 2044 1494 2072 ,,
1509 2010 1853 2070 diseamus-at.
1876 2007 2135 2080 Συμὸαίνιι
2154 2005 2216 2066 δὲ
2236 2011 2349 2064 τότε

1326 2087 1410 2140 καὶ
1443 2087 1510 2141 τὰ
1536 2086 1667 2158 ἐρινᾰ
1688 2087 1911 2158 ἀποῤῥιῖν
1929 2126 1945 2153 ,
1970 2088 2055 2141 καὶ
2075 2091 2187 2150 τοὺς
2222 2091 2349 2142 ‹imv-

1324 2171 1451 2228 οους.
1471 2190 1493 2210 κ
1506 2165 1717 2220 Scabies
1738 2167 2069 2238 potissimum
2091 2167 2365 2238 gignitur..

1326 2264 1494 2318 quum
1523 2265 1673 2317 aquae
1718 2265 1909 2318 parum
1938 2259 2056 2317 post
2087 2248 2351 2319 Vergilias

1324 2325 1631 2380 incesserit:
1655 2343 1783 2380 nam
1810 2327 1855 2379 si
1894 2327 2125 2379 multum
2158 2327 2351 2394 fuerit,

1326 2423 1478 2459 causa
1523 2404 1901 2459 contrahenda
1941 2405 2133 2460 scabiei
2178 2409 2357 2476 omnis

1325 2484 1564 2538 abluitur
1590 2505 1605 2536 z
1632 2497 1685 2538 et
1707 2483 1899 2539 accidit
1930 2497 2057 2539 tunc
2073 2524 2089 2551 ,
2120 2498 2181 2540 nt
2199 2501 2253 2540 et
2270 2507 2354 2542 ca-

1325 2565 1544 2636 prificus
1571 2578 1625 2619 et
1649 2565 1815 2637 grossi
1841 2563 2106 2620 decidant.
2127 2593 2150 2614 .
2188 2568 2255 2621 Η.
2354 2600 2361 2609 ·

1410 2651 1501 2710 44.
1524 2646 1599 2698 Et
1619 2652 1783 2716 grossi
1798 2646 2007 2711 cadum,
2022 2649 2065 2698 si
2084 2649 2169 2699 ‘vel
2182 2650 2351 2701 imbus

1324 2729 1464 2779 nimii
1483 2726 1645 2791 fuere.
1674 2725 1844 2779 Gron.
1870 2738 1925 2780 et
1940 2726 2024 2779 Al.
2058 2752 2081 2774 ι
2103 2738 2351 2781 caeterum

1327 2806 1368 2857 si
1389 2802 1622 2872 cadunt,
1644 2805 1756 2859 sive
1784 2806 1981 2861 imbres
2004 2804 2161 2859 nimii
2182 2807 2349 2872 fuere,

1327 2884 1432 2941 alio
1456 2883 1639 2939 modo.
1659 2911 1682 2932 ι
1721 2886 1827 2940 En.

1408 2964 1504 3029 45.
1528 2966 1652 3017 Atio
1671 2966 1828 3019 modo.
1856 2966 1962 3019 Vel
1986 2967 2095 3019 alio
2128 2969 2317 3021 morbo
2336 3008 2351 3032 ,

1326 3043 1420 3115 qui
1451 3042 1518 3101 ad
1563 3042 1766 3100 radices
1818 3046 2051 3117 pertinet
2077 3065 2091 3100 ε
2126 3066 2235 3099 non
2282 3048 2350 3100 ad

1326 3142 1518 3177 ramos.
1547 3125 1829 3178 Diversum
1873 3125 2017 3178 hunc
2057 3144 2166 3179 esse
2207 3144 2362 3190 mor-„-

1326 3204 1456 3257 bum
1491 3216 1738 3274 putamus
1764 3205 1834 3257 ab
1866 3222 1963 3270 eo,
2000 3222 2109 3275 quo
2144 3204 2351 3259 radices

1326 3283 1670 3354 pinguescere
1712 3282 2012 3354 incipiunt,
2048 3298 2105 3337 ut
2144 3285 2365 3338 Plinius-

1327 3363 1567 3433 superius
1595 3362 1894 3428 annotavit,
1932 3382 2055 3417 cum
2072 3364 2365 3434 Theopbr..

1327 3440 1397 3495 de
1425 3442 1582 3495 Caus.
1616 3442 1709 3496 lib.
1735 3441 1809 3507 V,
1842 3461 1962 3513 cap.
1997 3462 2062 3499 η
2087 3484 2103 3510 ,
2130 3456 2183 3498 et
2209 3444 2345 3499 Hist.

1326 3520 1420 3576 lib.
1443 3520 1543 3582 lv,
1568 3539 1686 3591 cap.
1718 3524 1805 3576 16.
1828 3520 2011 3576 Hanc.

1407 3604 1503 3664 46.
1540 3601 1734 3653 Vicibus
1756 3614 1952 3671 proeter.
1994 3603 2349 3675 Theophrast.

1327 3681 1420 3735 lib.
1445 3681 1546 3749 IV,
1565 3699 1681 3751 cap.
1718 3686 1806 3734 ιδ.
1832 3678 2015 3735 limo.

1411 3767 1502 3830 67.
1532 3762 1847 3815 articulatio.
1874 3760 1963 3814 Ab
1985 3764 2237 3829 articulis,
2250 3764 2353 3817 hoc

1327 3854 1428 3907 est,
1447 3840 1731 3909 palmitum
1749 3840 1932 3905 nodis,
1951 3842 2008 3894 in
2025 3844 2224 3915 quibus
2240 3842 2352 3896 lunc

1327 3920 1661 3991 potissimum
1693 3919 1983 3992 tergemina
2010 3922 2249 3975 sentitur.
2274 3922 2353 3973 in-

1324 4000 1462 4069 juria
1489 4040 1504 4066 ,
1546 4013 1606 4053 ut
1650 4019 1772 4055 mox
1821 4000 2024 4053 Plinius
2065 4014 2353 4065 asseverat,

1327 4097 1520 4133 nomen
1553 4078 1597 4131 is
1630 4082 1845 4133 morbus
1872 4080 2049 4132 babet.
2078 4078 2214 4131 Inde
2233 4098 2355 4131 eve-

1328 4160 1437 4223 nit,
1470 4171 1526 4211 ut
1549 4160 1725 4213 fructu
1757 4159 1887 4212 vites
1900 4171 2143 4216 careant,
2162 4156 2355 4215 fronde

1329 4237 1628 4303 luxurient,
1655 4252 1707 4291 et
1738 4238 1815 4291 uti
1838 4235 2101 4289 Palladius
2122 4236 2369 4309 loquitur,

2022 4330 2097 4439 9³
