3150 5150
2333 280 2364 317 Ο

940 492 1256 559 LIBER
1320 485 1618 559 xviii.
2193 492 2334 588 339

192 623 395 693 condi
427 626 605 695 circa
642 638 1009 693 extremam
1050 622 1275 693 lunam
1319 623 1557 717 jubent
1607 642 1622 683 ε
1676 622 2054 711 seminaria,
2119 652 2324 719 quum

190 730 353 799 luna
384 756 586 826 supra
618 744 864 799 terram
896 732 1011 815 sit,
1070 730 1217 800 fieri
1262 755 1277 797 :
1322 728 1563 800 calcari
1599 742 1856 813 musta,
1921 755 2128 825 quum
2172 731 2328 802 luna

192 838 325 906 suh
368 851 543 907 terra
589 862 605 907 τ
653 838 816 906 item
850 836 1195 905 materies⁷
1234 836 1437 923 caedi,
1475 858 1754 930 quaeque
1807 834 1934 905 alia
1987 840 2124 907 suis
2169 837 2331 909 locis

190 944 503 1013 diximus.
526 946 759 1037 Neque
779 942 1037 1013 facilior
1062 957 1163 1012 est
1196 943 1571 1012 observatio
1605 966 1685 1011 ac
1708 942 1848 1035 jam
1876 942 2050 1015 dicta
2074 969 2114 1013 a
2142 946 2334 1015 nobis
2373 961 2402 1012 3

192 1050 496 1120 secundo
512 1048 851 1119 'volumine
866 1034 891 1073 ⁸
912 1070 930 1115 ε
963 1049 1077 1119 sed
1090 1048 1272 1144 quod
1286 1046 1651 1143 intelligere
1669 1047 1774 1118 vel
1799 1051 2022 1119 rustici
2047 1052 2302 1147 possint
2316 1106 2335 1137 ‚

190 1159 457 1250 quoties
498 1157 581 1225 ab
628 1155 971 1226 occidente
1018 1154 1157 1225 sole
1209 1170 1557 1242 cernetur,
1612 1155 2076 1251 prioribusque
2123 1161 2372 1241 noctis=

192 1264 391 1333 horis
426 1263 707 1349 lucebit,
740 1286 1045 1332 crescens
1081 1264 1239 1346 erit,
1276 1274 1345 1333 et
1386 1258 1598 1331 oculis
1637 1260 1980 1331 dimidiata
2014 1263 2335 1357 judicabi-

192 1384 313 1439 tur
347 1396 363 1439 t
392 1395 597 1465 quum
632 1393 793 1439 vero
822 1367 1167 1453 occidente
1204 1368 1342 1439 sole
1389 1369 1643 1439 orietur
1671 1392 1752 1437 ex
1783 1368 2096 1457 adverso,
2139 1372 2228 1439 ita
2265 1386 2342 1443 ut

188 1478 453 1566 pariter
494 1476 935 1573 aspiciantur,
1000 1490 1143 1545 tum
1200 1476 1329 1545 erit
1390 1472 1854 1569 plenilunium.
1915 1476 2196 1565 Quoties
2255 1478 2342 1548 ab

186 1582 401 1653 ortu⁹
458 1582 614 1653 solis
660 1583 946 1669 orietur,
1010 1582 1474 1679 prioribusque
1536 1582 1750 1651 noctis
1799 1581 1983 1653 horis
2037 1583 2344 1655 detrahet

188 1688 465 1772 lumen,
498 1690 657 1758 etin
688 1686 959 1758 diurnas
986 1688 1332 1775 extendet,
1362 1687 1753 1758 decrescens
1779 1689 1940 1775 erit,
1971 1690 2343 1785 iterumque

184 1794 492 1865 dimidia.
530 1798 613 1865 In
656 1796 835 1867 coitu
873 1819 1035 1863 vero
1070 1794 1298 1890 (quod
1336 1790 1767 1863 interlunium
1803 1784 2092 1889 vocant)
2135 1821 2338 1891 quum
2380 1820 2410 1879 4

184 1926 527 1997 apparere
554 1902 841 1971 desierit.
865 1902 1083 1995 Supra
1106 1916 1317 1971 terras
1350 1914 1575 1971 autem
1605 1901 1752 1987 erit,
1787 1902 2080 1995 quandiu
2117 1918 2185 1972 et
2212 1902 2346 1991 sol,

182 2008 579 2097 interlunio,
598 2022 665 2077 et
682 2008 895 2103 prima
912 2022 1051 2077 tota
1069 2007 1205 2077 die:
1224 2006 1549 2091 secunda,
1587 2007 1770 2077 horae
1803 2009 2000 2077 unius
2033 2008 2345 2081 dextante

184 2114 455 2185 sicilico
472 2112 521 2139 ⁸⁰
550 2140 565 2181 τ
596 2140 675 2184 ac
712 2113 951 2183 deinde
994 2116 1190 2183 tertia
1234 2138 1447 2208 usque
1490 2112 1575 2181 ad
1624 2114 2296 2207 quintamdecimam
2323 2168 2342 2197 ‚

180 2220 653 2316 multiplicatis
684 2219 1003 2290 horarum
1039 2220 1269 2291 iisdem
1302 2220 1724 2316 portionibus
1765 2245 1781 2286 τ
1819 2222 2051 2314 quinta
2088 2221 2346 2293 decima

182 2344 343 2397 tota
390 2351 591 2422 supra
628 2342 837 2397 terras
880 2340 1086 2398 noctu
1126 2328 1283 2411 erit,
1346 2325 1711 2420 eademque
1775 2326 1900 2395 sub
1955 2328 2147 2397 terris
2203 2342 2345 2397 tota

178 2434 327 2504 die.
373 2434 653 2503 Decima
692 2444 873 2502 sexta
906 2433 989 2503 ad
1035 2435 1265 2528 primae
1320 2433 1505 2501 horae
1559 2445 1907 2501 nocturnae
1963 2433 2342 2503 dextantem

178 2540 521 2612 sicilicum
559 2539 682 2611 sub
720 2554 897 2610 terra
952 2553 1139 2636 aget,
1184 2538 1582 2635 easdemque
1625 2540 1966 2635 portiones
2025 2540 2342 2612 horarum

180 2675 322 2744 per
358 2646 651 2744 singulos
688 2646 825 2716 dies
859 2647 1123 2742 adjiciet
1151 2670 1363 2741 usque
1401 2646 1487 2715 ad
1521 2645 1970 2715 interlunium.
2009 2649 2098 2716 Et
2137 2673 2343 2742 quan·

180 2771 347 2824 tum
382 2756 613 2849 primis
668 2754 965 2849 partibus
1022 2755 1238 2823 noctis
1299 2752 1690 2832 detraxerit,
1735 2752 1916 2847 quod
1970 2753 2093 2822 sub
2157 2755 2346 2824 terris

178 2875 391 2956 agat,
432 2859 847 2930 tantumdem
882 2861 1256 2930 novissimis
1298 2883 1381 2928 ex
1407 2858 1515 2928 die
1546 2858 1812 2952 adjiciet
1835 2883 2032 2954 supra
2069 2874 2338 2929 terram.

176 2967 494 3036 Alternis
527 2981 748 3036 autem
780 2966 1115 3036 mensibus
1159 2991 1303 3036 xxx
1349 2964 1652 3062 implebit
1691 2989 2035 3052 numerosi,
2071 2964 2341 3034 alternis

174 3099 367 3144 vero
402 3072 707 3144 detrahet
738 3071 1053 3167 singulos.
1096 3075 1255 3142 Haec
1282 3073 1409 3142 erit
1440 3073 1612 3142 ratio
1647 3069 1912 3140 lunaris,

274 3283 335 3336 7.
370 3265 495 3317 Item
510 3267 747 3318 materies.
774 3263 919 3316 Vide
942 3264 1038 3316 lib.
1062 3264 1228 3330 xvt,
1319 3262 1502 3316 uncias
1527 3279 1652 3314 cum
1682 3274 1871 3333 quarta
1895 3262 2069 3314 uncio
2090 3275 2240 3333 parte
2263 3263 2348 3318 in·

168 3363 317 3416 cap.
340 3350 441 3414 74.
472 3344 655 3398 ΒΑΜ).
1321 3353 1660 3413 terpretatur.
1693 3342 1833 3395 Du..
1869 3371 1951 3384 --
1978 3342 2230 3394 Datame
2255 3349 2350 3395 sci·-

274 3427 336 3479 8.
362 3421 585 3476 Secu&
602 3423 859 3476 volumine.
876 3423 993 3476 Lib.
1014 3423 1093 3488 11,
1112 3440 1227 3495 cap.
1316 3423 1429 3476 lico.
1482 3419 1726 3474 Secunda
1783 3419 1904 3486 die,
1960 3420 2140 3493 inquit
2158 3460 2176 3488 ,
2223 3424 2353 3478 luna

180 3523 213 3558 ι
236 3521 293 3557 1.
316 3503 510 3556 Hun-
1318 3519 1477 3572 supra
1521 3513 1688 3554 terras
1737 3501 1842 3554 erit
1892 3519 1992 3572 per
2043 3499 2352 3558 dextantem

272 3601 332 3654 9.
382 3583 582 3652 Quoties
626 3581 689 3634 ab
732 3597 859 3634 ortu.
902 3581 1125 3646 Quoties
1158 3583 1226 3634 ab
1318 3581 1575 3634 sicilicum
1605 3581 1764 3634 unius
1800 3580 1948 3634 horu
1973 3583 2204 3654 vesperi,
2245 3584 2352 3638 hoc

162 3662 443 3716 exortiva
488 3662 601 3716 coli
655 3675 803 3733 pai-te
843 3661 1084 3726 orietur,
1134 3660 1227 3714 aed
1313 3672 1419 3720 est,
1461 3662 1529 3715 51
1562 3661 1698 3714 min.
1729 3657 1839 3726 114,
1865 3678 1958 3714 neu
1989 3679 2090 3733 per
2114 3664 2354 3736 quinque

158 3743 398 3806 serius,
428 3741 503 3795 ita
552 3753 613 3794 ut
654 3741 803 3795 nocti
843 3758 999 3794 suum
1044 3741 1225 3794 lumen
1320 3754 1489 3794 sextas
1516 3753 1697 3812 partes
1745 3741 1904 3794 unius
1943 3741 2119 3809 horn,
2169 3755 2224 3796 ct
2254 3745 2354 3798 ali·

156 3841 291 3894 per
320 3821 537 3892 aliquot
558 3822 721 3876 hom
738 3833 915 3892 neget.
932 3820 1115 3874 Han.
1320 3835 1521 3893 quanto
1536 3820 1788 3893 amplius.
1800 3822 1967 3891 Finge
1983 3822 2174 3876 horam
2191 3841 2352 3876 unam

278 3921 378 3955 10.
394 3901 645 3954 Βαταναία
660 3903 860 3953 sicilico.
878 3900 1001 3954 Lib.
1017 3900 1233 3972 11‚cap.
1321 3901 1377 3955 in
1404 3914 1581 3973 partes
1607 3898 1882 3956 duodenae
1908 3902 2102 3954 tribui:
2137 3898 2358 3954 dextans

162 4001 201 4036 1
220 3988 263 4045 4
283 4021 301 4044 ,
335 3982 485 4034 lucet
511 3978 801 4034 dodrante·
824 3980 1122 4033 semuncias
1144 3979 1239 4034 ho·
1326 3999 1391 4034 ex
1434 3981 1538 4035 illis
1574 3979 1736 4034 denas
1777 3981 2150 4050 complectitur
2185 3997 2202 4034 ε
2236 3981 2357 4033 οἱοὶ-

144 4079 409 4114 rarum.
441 4060 761 4114 Dextantem
790 4059 1049 4113 sicilicum
1076 4060 1237 4114 unius
1324 4060 1489 4124 licus,
1536 4061 1702 4131 partis
1749 4057 2043 4114 undecimo
2114 4071 2356 4131 quartam

150 4143 375 4206 horae,
388 4136 623 4194 Budaeus
640 4139 771 4194 lib.1
788 4138 857 4194 de
875 4142 1029 4201 Asse,
1051 4138 1233 4194 decem
1324 4153 1549 4210 partem.
1583 4139 1762 4192 Hanc.

1978 4243 2094 4312 22²
