3150 5150
1326 517 1402 585 c,
1460 513 1790 586 PL1N11
1848 495 2057 581 ΝᾸΤ.
2116 511 2363 582 msT.

778 659 1053 732 cantur,
1099 645 1276 714 unde
1320 649 1715 740 germinant.
1776 650 1919 716 Hac
1966 643 2049 714 de
2092 669 2291 714 causa
2342 659 2411 712 et
2466 645 2531 711 in
2578 641 2921 736 plantariis

780 751 1136 846 aliquando
1163 749 1398 822 eodem
1421 777 1599 822 anno
1626 752 1849 821 ferunt
1867 806 1888 835 ‚
1928 776 2096 846 quos
2126 751 2311 820 fuere
2336 748 2531 818 laturi
2566 747 2827 818 fructus
2856 752 2920 816 in

779 859 1062 928 arbore:
1091 882 1300 952 quum
1333 861 1721 954 tempestive
1752 861 1875 928 sati
1907 871 2352 952 praegnanteS‚
2377 855 2730 924 inchoatos
2762 879 2921 924 con·

781 961 1046 1058 ceptus¹
1057 961 1310 1033 ²aliubi
1352 967 1641 1059 pariunt.
1676 968 1781 1034 Ita
1809 979 1981 1034 satas
2014 964 2215 1049 ficos,
2246 965 2441 1030 tertio
2484 985 2661 1030 anno
2710 975 2921 1029 trans-

782 1070 966 1142 ferre
996 1069 1204 1138 facile.
1269 1074 1413 1140 Hoc
1475 1097 1599 1167 pro
1648 1055 2475 1141 senesce11di¹³celeritate
2522 1067 2921 1138 attributum

781 1175 938 1246 huic
965 1176 1226 1263 arbori,
1263 1191 1338 1246 ut
1371 1177 1681 1247 citissime
1711 1180 2077 1272 proveniat.

711 1303 745 1359 4
883 1283 1136 1351 Vitium
1157 1285 1585 1354 numerosior
1598 1299 1794 1354 satus.
1821 1284 2119 1352 Primum
2146 1283 2449 1350 omnium
2472 1278 2639 1348 nihil
2670 1281 2921 1348 seritur

783 1412 864 1458 ex
898 1388 1038 1476 his,
1066 1390 1194 1457 nisi
1221 1387 1488 1477 inutile,
1522 1405 1589 1460 et
1616 1389 2053 1485 deputatum'
2035 1412 2103 1456 in
2136 1400 2489 1456 sarmento.
2528 1389 2923 1521 OXputatur

781 1509 1006 1563 autem
1047 1493 1364 1588 quidquid
1406 1499 1705 1626 proximse
1743 1493 1893 1564 tulit
1935 1494 2247 1564 fructum.
2286 1490 2589 1561 Solebat¹
2666 1507 2921 1585 capltu-

783 1598 954 1669 latus
995 1603 1329 1694 utrimque
1364 1627 1402 1670 e
1443 1588 1675 1674 duro¹⁵
1714 1598 2015 1672 surculus
2056 1600 2235 1669 seri:
2276 1623 2485 1692 eoque
2523 1612 2921 1692 argumento

779 1704 1120 1776 malleolus
1174 1693 1518 1778 vocatur¹⁶
1578 1708 1774 1777 etiam
1820 1732 2017 1776 nunc.
2061 1708 2295 1775 Postea
2350 1701 2541 1772 avelli
2592 1729 2749 1772 cum
2802 1729 2921 1772 sua

781 1809 1029 1880 calce¹⁷
1069 1827 1326 1908 coeptus
1371 1827 1506 1896 est,
1545 1829 1619 1883 ut
1656 1816 1724 1882 in
1766 1813 1946 1882 fico:
1990 1835 2205 1906 neque
2246 1825 2347 1879 est
2389 1809 2567 1878 aliud
2604 1810 2917 1878 vivacius.

781 1919 1080 1987 Tertium
1115 1943 1322 2012 genus
1355 1905 1689 2012 adjectum
1730 1921 2094 1988 etiamnum
2125 1915 2492 2011 expeditius
2530 1917 2675 1984 sine
2712 1915 2919 1999 calce,

781 2039 1056 2119 propter
1081 2023 1261 2119 quod
1289 2027 1550 2120 sagittae
1571 2011 1961 2096 vocantur¹⁸
1966 2077 1986 2110 ‚
2008 2047 2217 2118 quum
2250 2023 2478 2091 intorti
2504 2035 2917 2116 panguntur:

781 539 878 609 92

867 2254 888 2287 1
909 2252 954 2286 ι.
999 2235 1258 2288 Inchoaeos
1294 2248 1559 2306 conceptus.
1592 2236 1801 2289 Conce-

777 2325 900 2383 ptos
919 2314 1032 2383 jam
1062 2314 1214 2367 fetus.
1249 2314 1378 2384 Sup.
1409 2333 1523 2385 cap.
1551 2334 1650 2380 20,
1675 2316 1797 2387 plu·

780 2395 949 2444 rimam
994 2395 1186 2445 interese
1223 2406 1473 2464 conceptus
1488 2435 1503 2458 ,
1554 2395 1659 2448 hoc
1690 2407 1764 2447 est
1786 2435 1801 2460 ,

779 2471 934 2526 fetus.
962 2470 1140 2524 Hnnu.

865 2551 953 2604 13.
987 2551 1099 2604 Hoc
1139 2571 1234 2623 pm
1283 2552 1564 2606 senescendi.
1608 2552 1802 2607 Omnia

776 2648 972 2703 nempe
983 2632 1210 2684 celerius
1219 2646 1494 2686 senescunt
1513 2632 1802 2701 praefecun-

779 2708 878 2775 dn,
900 2723 961 2764 ut
979 2716 1052 2764 ait
1071 2711 1163 2764 lib.
1193 2712 1356 2775 XVI,
1377 2730 1492 2783 cap.
1527 2712 1621 2766 51.
1652 2712 1719 2765 Η.

865 2797 953 2854 ¹4·
977 2788 1193 2843 Solebat.
1227 2790 1332 2844 Sed
1361 2792 1452 2844 hic
1482 2810 1597 2845 mos
1624 2806 1800 2863 postea

774 2870 1005 2922 exolevit
1023 2908 1039 2935 ‚
1072 2868 1456 2942 damnatusque
1483 2885 1560 2924 est
1575 2872 1643 2923 ab
1660 2874 1798 2943 agri-

773 2948 906 3002 colis
927 2966 942 3001 :
965 2948 1196 3002 malleoli
1232 2962 1437 3003 tantum
1481 2952 1673 3003 mansit
1704 2970 1799 3021 ap-

775 3028 1014 3097 pellatiO.
1041 3028 1251 3082 Colum.
1282 3030 1374 3082 lib.
1399 3030 1514 3095 III,
1539 3048 1650 3101 cap.
1688 3048 1755 3100 17
1782 3051 1795 3083 τ

775 3108 1092 3161 ⁸«Malleolus
1129 3107 1202 3161 sic
1227 3109 1296 3161 ab
1337 3110 1570 3180 antiquis
1602 3128 1797 3181 pange-

772 3187 957 3253 batur,
977 3200 1038 3240 ut
1049 3189 1260 3241 novello
1271 3203 1536 3242 sarmento
1561 3208 1683 3259 pars
1701 3191 1796 3243 ali-

773 3286 880 3337 qua
902 3268 1097 3320 veteris
1124 3269 1361 3321 hae‘reret.
1395 3266 1499 3320 Sed
1533 3268 1671 3321 hanc
1700 3289 1798 3340 po·

772 3346 1018 3399 sitionem
1039 3346 1310 3401 damnavit
1327 3366 1482 3401 usus:
1505 3367 1625 3401 nam
1649 3348 1801 3419 quid·

772 3424 906 3494 quid
959 3444 1022 3477 ex
1071 3440 1245 3479 vetere
1283 3426 1502 3480 materia
1551 3428 1797 3481 relictum

772 3516 913 3567 erat,
935 3522 1172 3575 pressum
1202 3518 1360 3575 atque
1386 3508 1641 3560 obrutum
1664 3509 1800 3561 cele-

771 3583 903 3636 riter
928 3584 1154 3636 humore
1201 3585 1554 3655 putrescebat.
1575 3627 1587 3640 .
1610 3626 1623 3639 .
1662 3588 1795 3641 Mox

676 3706 695 3725 ⁴
768 3663 946 3715 Julius
987 3663 1224 3725 Atticus,
1259 3678 1312 3717 et
1359 3666 1639 3719 Cornelius
1674 3668 1796 3721 Cel-

769 3761 916 3794 sae...
943 3760 1064 3793 cum
1088 3761 1186 3795 suo
1211 3744 1447 3813 capitulo
1467 3758 1797 3799 sarmentum

770 3820 1160 3893 depresserunt.
1181 3846 1204 3869 ο
1237 3821 1416 3875 ΗΛιιο.

859 3921 881 3954 ι
895 3906 947 3955 5.
975 3902 1026 3953 Ε
1041 3900 1182 3955 duro.
1197 3904 1242 3954 E
1263 3901 1485 3955 duriore
1507 3917 1795 3967 sarmento,

771 3981 880 4033 sive
911 3998 1138 4035 trunco:
1185 3982 1422 4035 surculus
1463 4002 1585 4035 cum
1622 3996 1794 4035 vetere

770 4075 1033 4114 sarmento
1072 4064 1301 4130 junctus.
1337 4063 1558 4132 virgam
1594 4082 1625 4113 e
1656 4062 1793 4115 duro

771 4142 966 4209 pariter
991 4142 1222 4211 appellat
1252 4140 1534 4195 Columell.
1561 4143 1654 4195 lib.
1684 4144 1793 4207 111,

1889 2253 1936 2288 c.
1973 2239 2027 2288 6.
2046 2232 2245 2286 Eduro
2276 2245 2451 2286 natam
2480 2232 2687 2302 virgam
2706 2270 2722 2298 ,
2754 2249 2803 2285 e.
2834 2249 2916 2296 ιο,

1889 2328 2049 2385 atque
2077 2313 2203 2365 aiibi
2227 2312 2436 2383 passim.
2467 2309 2648 2365 Han.

1978 2397 2065 2447 16.
2096 2393 2356 2445 Malleolus
2380 2402 2605 2443 vocatur.
2634 2390 2913 2444 Columess.

1889 2471 1985 2526 lib.
2019 2473 2102 2526 111
2120 2511 2137 2534 ‚
2158 2491 2275 2542 cap.
2305 2475 2337 2522 6
2359 2487 2374 2522 ε
2395 2470 2719 2524 «Malieoluo
2749 2482 2914 2523 autem

1888 2552 2129 2605 novellus
2147 2563 2225 2605 est
2244 2551 2447 2623 palmes
2460 2590 2475 2614 ,
2496 2551 2713 2603 innatus
2732 2551 2917 2621 prioris

1888 2633 2014 2685 anni
2060 2630 2294 2702 flagello,
2340 2631 2849 2701 cognominatusque
2885 2649 2913 2682 a

1889 2710 2237 2765 similitudine
2264 2711 2339 2763 rei
2358 2731 2380 2779 ,²
2408 2708 2557 2781 quod
2596 2710 2655 2761 in
2682 2728 2749 2762 ea
2778 2723 2915 2781 parte

1888 2810 2007 2863 quoe
2048 2789 2316 2843 deciditur
2349 2809 2415 2844 ex
2444 2801 2635 2863 vetere·
2654 2802 2915 2842 sarmento

1888 2872 2201 2941 prominens
2212 2869 2481 2940 utrimque
2496 2906 2512 2932 ‚
2537 2869 2781 2921 malleoli
2804 2888 2913 2939 spe·

1888 2951 2025 3004 ciem
2070 2950 2294 3021 prabet.
2331 2976 2354 2996 ι
2384 2949 2552 3003 Gallis
2574 2986 2590 3010 ,
2644 2960 2873 2999 mamete
2894 2988 2909 3008 ,

1888 3041 2115 3082 crossene
2132 3064 2149 3087 ‚
2172 3030 2430 3081 mailleton.
2456 3030 2643 3080 Halm.

1976 3129 1997 3162 ι
2014 3129 2064 3179 7.
2094 3110 2217 3163 Cum
2244 3128 2334 3160 sua
2350 3109 2499 3159 calce.
2526 3108 2669 3161 Cum
2686 3126 2783 3159 sua
2802 3126 2913 3177 per·

1886 3208 1955 3242 na
1986 3188 2156 3251 dixit,
2206 3206 2321 3259 cap.
2379 3189 2469 3241 13.
2499 3186 2647 3239 Vide
2681 3205 2805 3258 qna
2838 3187 2907 3239 ihi

1885 3266 2274 3321 adnotavimus.
2307 3268 2488 3320 ΗΑΒ».
2508 3296 2589 3307 --
2614 3268 2909 3335 Delecamp.

1886 3367 1989 3402 suo.
2018 3349 2125 3401 En.

1975 3447 1997 3481 1
2012 3432 2063 3482 8.
2095 3426 2307 3498 Sagittoe
2336 3438 2589 3479 vocamur.
2633 3426 2908 3479 Columell.

1886 3508 1985 3562 lib.
2012 3510 2095 3559 111
2110 3547 2128 3574 ‚
2150 3528 2263 3577 cap.
2300 3527 2321 3560 1
2336 3526 2368 3577 7
2394 3526 2408 3558 ε
2430 3530 2453 3551 ⁸
2471 3505 2724 3576 Sagittam
2740 3505 2909 3557 rustici

1884 3600 2076 3640 vocant
2095 3587 2434 3641 novissimam
2459 3598 2669 3654 partem
2688 3584 2877 3638 surculi
2894 3602 2910 3635 ε

1884 3666 1997 3719 sive
2024 3668 2149 3737 quia
2178 3666 2388 3736 longius
2416 3665 2631 3718 recessit
2658 3684 2690 3717 a
2720 3678 2907 3723 matre.

1886 3758 1937 3799 et
1965 3748 2112 3817 quasi
2162 3746 2377 3799 emicuit
2395 3784 2411 3809 ,
2436 3758 2595 3814 atque
2626 3744 2901 3817 prosiluit:

1883 3844 1973 3877 seu
1999 3825 2121 3895 quia
2156 3826 2437 3879 cacumine
2478 3836 2751 3878 attenuata
2779 3840 2903 3893 prn-

1884 3903 2013 3956 dicti
2045 3906 2135 3957 teli
2164 3906 2391 3976 speciem
2414 3904 2566 3975 gerit.
2586 3930 2609 3950 ι
2650 3908 2721 3955 At
2742 3901 2903 3954 Plinio

1883 3987 2069 4050 sagitta
2100 3986 2143 4036 is
2181 3986 2295 4054 ipse
2334 3984 2575 4037 surculus
2606 3995 2717 4045 est,
2747 4000 2903 4052 quum

1884 4063 2118 4115 intortus
2146 4066 2421 4134 pangitur,
2457 4077 2515 4115 ut
2538 4081 2661 4115 mox
2688 4060 2903 4113 dicetur.

1886 4144 2073 4195 HAnn.
