3150 5150
863 503 1173 577 LIBER
1229 503 1525 571 XVIII.

2115 501 2262 575 253

130 635 393 769 potius?
421 656 618 728 quam
660 634 831 702 inter
871 635 1075 728 ipsius
1110 648 1302 703 terrae
1330 647 1548 729 pestes
1584 635 2090 702 numeraverim.
2128 639 2269 705 Cae-

130 730 373 811 leste⁸³
403 740 666 835 frugum
699 740 1176 834 vinearumque
1206 737 1497 823 malum,
1531 737 1713 807 nullo
1744 740 1959 808 minus
1995 728 2261 810 noxium

131 862 245 917 est
281 836 591 940 rubigo²⁴.
628 835 1228 940 Frequentissima²⁵
1251 845 1446 916 haec
1428 870 1496 912 m
1530 845 1789 914 roscido
1825 859 2079 931 tractu,
2116 872 2266 916 con-

128 952 583 1047 vallibusque,
622 975 698 1021 ac
732 952 1080 1047 perflatum
1110 976 1244 1022 non
1274 949 1709 1021 habentibus:
1739 976 1776 1019 e
1808 941 2131 1021 diverso²⁶
2161 977 2267 1021 ca-

128 1074 292 1128 rent
321 1084 396 1128 ea
433 1071 706 1127 ventosa
740 1073 808 1126 et
842 1057 1116 1128 excelsa.
1152 1061 1334 1126 Inter
1372 1058 1529 1125 vitia
1566 1071 1862 1152 segetum
1904 1073 1971 1127 et
2008 1058 2262 1128 luxuria

132 1181 244 1234 est
294 1168 366 1253 ”‚
416 1189 619 1282 quum
671 1178 958 1235 oneratae
1002 1163 1333 1234 fertilitate
1366 1162 1834 1296 procumbunt.
1894 1165 2267 1296 Commune

134 1287 367 1340 autem
410 1271 706 1340 omnium
753 1285 1046 1339 satorum
1091 1271 1328 1338 vitium
1388 1269 1610 1337 urica²
1615 1257 1661 1357 ⁸,
1710 1269 1979 1337 etiam²⁹
2007 1272 2263 1348 ciceriS‚

132 1403 348 1472 quum
383 1374 819 1506 salsilaginem
855 1377 997 1470 ejus
1030 1374 1359 1445 abluendo
1397 1376 1611 1444 imber
1645 1373 1923 1443 dulcius
1934 1376 1999 1444 id
2035 1376 2206 1445 facit.

243 1486 370 1553 Est
428 1468 705 1552 berba³⁰
715 1537 736 1569 ‚
781 1508 926 1578 quae
981 1484 1156 1553 cicer
1209 1496 1440 1552 enecat
1481 1495 1550 1550 et
1609 1505 1881 1564 ervum,
1946 1480 2265 1552 circumli·
2302 1499 2333 1552 5

133 1589 361 1682 gando
407 1614 475 1658 se
522 1614 535 1656 :
581 1603 856 1659 vocatur
897 1574 1334 1659 orobanche³¹

132 1812 399 1882 appellari
444 1811 582 1866 dixit
599 1850 614 1877 ‚
659 1816 909 1885 quoniam
953 1815 1162 1885 spicata

131 1905 296 1954 sunt,
327 1890 384 1944 id
411 1905 518 1952 est.
547 1892 738 1946 aculeis
758 1894 976 1948 munitm
1001 1907 1056 1948 et
1076 1913 1162 1947 ar-

131 1985 314 2024 mato.
343 1973 551 2024 Dato.

220 2052 316 2104 23.
350 2050 555 2104 Coeleste
583 2054 777 2121 frugum
802 2057 1159 2124 vinearumque.

127 2129 570 2201 Theophrastus,
604 2121 804 2189 Hister.
850 2132 940 2186 lib.
986 2133 1160 2197 VIII,

128 2227 252 2279 cap.
288 2229 383 2275 ro,
409 2209 556 2264 etde
587 2211 765 2265 Canas.
788 2211 881 2265 lib.
905 2213 1020 2277 111,
1040 2231 1161 2284 cap.

137 2307 229 2357 ²7·
264 2291 470 2343 Duae.

217 2376 314 2430 ²6·
369 2369 582 2438 Rubigo.
626 2370 765 2423 Vitii
805 2389 1006 2440 genus,
1049 2389 1161 2443 quo

128 2447 300 2499 culmi
353 2448 662 2518 nigrescunt
695 2469 709 2500 ε
738 2451 895 2502 niella.
945 2450 991 2502 Ε
1035 2468 1159 2504 rore

126 2529 370 2581 nascitur
392 2564 411 2592 ‚
461 2547 627 2600 quum
676 2529 800 2583 solis
838 2542 1158 2602 superventu

130 2608 486 2661 excalefactus
518 2610 786 2679 pntrescit.
817 2611 998 2664 Ηιιιι).

217 2707 244 2740 a
258 2689 313 2741 5.
336 2688 392 2740 F
386 2693 761 2759 oeqmntissima.
778 2689 1027 2744 Tradidit
1044 2690 1158 2743 hac

128 2780 185 2818 et
208 2767 648 2837 Theophrastus,
690 2768 824 2823 nist.
847 2770 1018 2832 VIII,
1071 2787 1153 2823 ιο.

215 2865 244 2898 s
255 2853 290 2901 6
301 2889 314 2901 .
332 2849 387 2900 E
399 2847 601 2901 diverso.
612 2848 1006 2918 Theophrastus
1017 2886 1034 2911 .
1051 2850 1156 2902 loc.

126 2925 220 2978 cit.
248 2924 442 2979 Ham).

214 3024 308 3074 ²7·
355 3006 576 3059 Luxuria
617 3019 705 3060 est.
739 3007 862 3059 Non
896 3007 1155 3062 foliorum

127 3083 326 3147 modo,
362 3084 516 3156 qnod
551 3086 949 3156 Theophrastus
966 3126 981 3152 ,
1021 3087 1157 3141 nist.

121 3163 221 3218 lib.
248 3165 415 3229 vm,
431 3183 546 3236 cap.
571 3185 629 3237 7,
648 3169 960 3235 φυλλομανεῖν
976 3180 1154 3220 vocat:

119 3242 217 3295 sed
246 3256 306 3296 et
335 3244 634 3314 spicarum,
673 3264 839 3316 quum
880 3271 903 3293 ι
925 3245 1156 3316 gravidis

119 3324 440 3391 procumbit
463 3324 678 3377 culmen
703 3324 900 3390 aristis,
918 3352 940 3371 ι
959 3326 1156 3379 utVir·

117 3403 285 3470 gilius
306 3403 486 3469 canit,
519 3404 713 3474 Georg.
733 3406 789 3466 1,
816 3424 864 3457 v.
894 3424 916 3457 1
932 3425 954 3459 ι
973 3424 1020 3458 ι.
1048 3404 1114 3457 Η.

208 3484 308 3535 ²8.
353 3482 522 3542 Utica.
564 3485 931 3553 Σφωιιλισμὸς,
978 3484 1156 3537 Theo-

113 3560 366 3629 phmto.
391 3562 566 3615 Locm
593 3580 656 3615 ex
692 3581 806 3633 cap.
845 3580 909 3615 ιο
928 3563 1018 3616 hic
1036 3576 1112 3616 est
1135 3581 1150 3616 ε

111 3646 232 3691 Τὸν
255 3637 321 3695 δὲ
347 3644 646 3713 σπερμάτων
677 3643 958 3713 νοσήματα,
985 3642 1050 3695 τὰ
1069 3643 1153 3713 μὲν

107 3720 262 3772 κοινὰ
278 3720 486 3774 πάντων
506 3723 627 3783 (civ,
658 3714 750 3774 οἷον
769 3719 964 3793 ίρυσίῦτι
979 3758 997 3787 ,
1017 3720 1083 3776 τὰ
1101 3719 1154 3773 ὃ·

105 3795 233 3850 ἴδια
272 3806 420 3852 miv
456 3793 550 3854 οἷον
591 3803 916 3871 commupe<
946 3808 1028 3855 τοῦ
1054 3804 1155 3872 ἰρι-

106 3875 283 3930 civem
319 3878 408 3932 mi
435 3885 491 3933 τὸ
520 3881 619 3933 ἀπὸ
645 3889 857 3950 καμπῶν
882 3882 1150 3946 ἐσθίεσθαι,

102 3958 200 4009 καὶ
229 3959 333 4011 ὑπὸ
359 3959 546 4027 ψυλλῦν
575 3962 774 4030 θηρίων,
812 3972 913 4014 etc.
941 3962 1148 4015 Dsue.

100 4065 193 4077 -—
224 4038 396 4090 Πνίαι.
428 4040 507 4092 Ita
532 4040 752 4093 Veteres
780 4040 1111 4111 appellavere
1131 4080 1148 4103 ,

99 4134 283 4185 quam
316 4136 419 4170 nos
445 4136 659 4171 erucam
689 4117 947 4184 dicimus,
979 4120 1152 4173 Greci

1383 1614 1397 1656 :
1452 1587 1745 1656 triticum
1813 1587 2039 1657 simili
2064 1588 2263 1657 modo

1250 1813 1453 1885 κάμπην
1469 1853 1484 1876 ,
1502 1814 1673 1868 nostri
1690 1815 1887 1866 cluuillas
1902 1851 1918 1877 ‚
1936 1827 1996 1867 ut
2021 1826 2141 1867 ante
2154 1833 2267 1867 mo·

1249 1893 1464 1946 unimus
1485 1893 1580 1948 lib.
1604 1894 1710 1958 XI,
1734 1910 1849 1964 cap.
1883 1900 1973 1963 37.
2002 1895 2183 1946 Iino.

1332 1993 1358 2024 2
1372 1992 1424 2042 9.
1452 1974 1623 2025 Etiam
1644 1977 1807 2025 ciceris
1812 1971 1969 2026 ,Vide
1995 1991 2112 2044 qua
2133 1971 2266 2027 dixi-

1249 2072 1367 2106 mus
1388 2070 1511 2124 cap.
1542 2051 1634 2105 32.
1666 2053 1849 2107 um.

1331 2133 1417 2186 30.
1435 2133 1531 2183 Est
1542 2132 1705 2184 herba.
1726 2133 1811 2186 Sic
1833 2132 2106 2203 Theophr.
2124 2130 2262 2185 nist.

1245 2211 1341 2264 lib.
1365 2212 1669 2283 vn1.cap.
1692 2216 1761 2279 8,
1783 2225 1836 2264 et
1858 2211 2102 2282 Geopon.
2124 2223 2262 2264 auct.

1247 2290 1341 2344 lib.
1371 2292 1460 2356 11,
1484 2309 1533 2344 c.
1562 2298 1662 2355 41,
1701 2311 1756 2362 p.
1799 2291 1909 2362 75:
1936 2282 1982 2344 ἡ
2011 2288 2259 2361 ‹speci-an

1246 2372 1416 2442 φθιιρει
1439 2372 1553 2432 τοὺς
1576 2372 1821 2442 κυάμους,
1848 2369 1933 2423 καὶ
1950 2371 2061 2430 τοὺς
2085 2369 2265 2440 ἐρεῧίν-

1245 2454 1351 2510 oenc
1384 2453 1788 2521 περιπλεκομένη.
1810 2451 1995 2503 Haun-

1327 2530 1420 2585 31.
1461 2529 1761 2583 orobanche.
1791 2529 2135 2582 Orobanches
2156 2528 2263 2582 cir-

1247 2610 1529 2680 cumplexu
1559 2611 1738 2665 necari
1777 2609 1919 2667 cicer
1943 2648 1958 2673 ,
1994 2622 2048 2661 et
2076 2627 2261 2662 ervum

1244 2689 1405 2743 tradit
1418 2689 1621 2743 Plinius
1629 2688 1831 2743 auctori
1837 2701 1941 2743 tate
1957 2689 2266 2760 Theophra-

1244 2771 1308 2821 sti
1334 2770 1520 2834 nixus,
1556 2768 1623 2822 de
1644 2770 1799 2823 Caus.
1823 2768 1994 2834 lih.v‚
2020 2785 2138 2837 cap.
2168 2788 2259 2823 υ.

1242 2848 1358 2901 Alia
1396 2849 1700 2902 orobanche
1728 2861 1807 2902 est
1830 2846 2181 2913 Dioscuridis,
2204 2860 2261 2900 ut

1243 2930 1358 2999 ejus
1374 2926 1665 2998 descriptio
1684 2939 1959 2981 monstrat.
1972 2927 2071 2980 nic
2090 2940 2262 2980 tamen

1244 3025 1308 3060 ex
1332 3007 1686 3079 Theophrasti
1724 3009 1847 3060 loco
1877 3025 2036 3078 supra
2071 3007 2230 3059 citato
2244 3044 2261 3071 ‚

1242 3100 1424 3141 contra
1448 3105 1607 3157 quam
1635 3087 1791 3139 multi
1820 3098 2029 3156 putant,
2049 3101 2261 3137 censen·

1243 3164 1372 3220 dnm
1392 3179 1498 3230 est,
1525 3166 1709 3218 lolium
1735 3164 2021 3234 complexu
2049 3182 2143 3215 suo
2164 3163 2257 3215 tri·

1243 3245 1407 3300 ticum
1439 3244 1661 3297 minime
1703 3262 1917 3304 necare,
1952 3241 2043 3295 sed
2074 3241 2217 3312 quod
2239 3279 2258 3301 ,

1244 3337 1303 3379 ut
1328 3323 1470 3377 idem
1496 3322 1693 3376 diserte
1722 3323 1793 3375 ait
1810 3362 1827 3387 ,
1863 3321 2020 3374 simul
2046 3339 2163 3375 cum
2194 3340 2258 3373 eo

1240 3404 1535 3474 proveniat.
1558 3400 1699 3454 Vide
1728 3401 1928 3454 Histor.
1951 3400 2048 3454 lib.
2086 3401 2222 3452 VIII
2238 3442 2256 3464 ‚

1242 3500 1356 3553 cap.
1382 3484 1434 3535 8.
1464 3483 1663 3534 Duae.
1680 3510 1759 3521 —
1774 3480 2077 3535 orobanche.
2096 3477 2258 3545 Quod

1241 3559 1404 3632 ὅροὸον
1435 3561 1576 3631 ἄγχει
1587 3599 1604 3624 ,
1617 3579 1800 3613 ervum
1822 3572 1975 3613 necat
1985 3600 2000 3625 ,
2013 3558 2255 3630 &poema

1239 3640 1402 3694 dicta.
1429 3639 1534 3694 Sed
1561 3641 1663 3695 alia
1688 3654 1765 3700 est
1797 3639 2124 3694 Dioscuridis
2154 3641 2259 3710 ὀρο-

1243 3718 1406 3791 Εᾶγχη
1423 3759 1440 3786 ,
1465 3739 1584 3792 quo
1607 3740 1637 3773 ιι
1674 3719 1950 3773 Dodonaeo
1989 3719 2227 3790 pingitur
2242 3757 2257 3782 ,

1242 3818 1296 3871 p.
1328 3799 1434 3864 543
1453 3838 1470 3866 ,
1493 3813 1554 3853 ut
1584 3811 1726 3853 recte
1742 3798 2017 3853 admonuit
2039 3798 2254 3869 Anguil-

1210 3880 1213 3883 ”
1241 3880 1381 3943 lara,
1406 3891 1543 3951 part.
1588 3881 1653 3945 5.,
1675 3898 1730 3951 p.
1762 3880 1832 3949 89
1851 3918 1866 3943 ,
1906 3891 1961 3932 et
1984 3891 2103 3949 post
2134 3894 2256 3929 eum

1238 3958 1543 4013 Dodonaeus
1581 3960 1683 4013 loc.
1713 3958 1805 4013 cit.
1832 3959 1981 4011 Hanc
2002 3975 2120 4029 qun
2144 3956 2257 4008 ervi

1239 4040 1401 4110 pestis
1422 4052 1529 4100 est,
1544 4037 1850 4092 Dodonaeas
1868 4036 2011 4091 idem
2032 4034 2257 4088 delinea·
2303 4094 2310 4101 ,

1239 4118 1318 4171 vit
1353 4119 1452 4172 sub
1495 4119 1707 4189 aphaca
1733 4118 1987 4181 nornine,
2024 4134 2077 4185 p.
2129 4113 2259 4169 535.
