3150 5150
1012 609 1319 677 LIBER
1370 609 1534 674 xx.
2200 601 2334 697 587

108 723 513 806 Alvum⁸⁵
559 737 773 808 mollit
812 738 1137 809 acetabuli
1177 763 1504 810 mensura.
1551 723 1988 833 Suggillatis¹⁶
2032 734 2338 807 illinitur:

112 841 313 910 item
346 841 689 914 dentium
715 843 967 930 dolori,
999 846 1233 941 quibus
1257 847 1453 916 etiam
1482 859 1550 914 ct
1579 845 1934 914 candorem
1969 843 2157 929 facit,
2187 869 2340 912 cum

118 945 368 1018 melle
412 964 504 1020 et
534 952 729 1020 nitro.
773 952 1173 1047 Sanguinem
1212 954 1471 1022 narium
1510 952 1698 1022 sistit.
1719 950 1825 1020 Ad
1851 949 2186 1046 parotidas
2221 950 2342 1018 de-

120 1057 521 1148 coquitur
556 1081 709 1127 cum
750 1057 1121 1131 hordeacea
1158 1059 1389 1127 farina.
1439 1056 1541 1126 Ad
1580 1055 1851 1127 arterias
1880 1080 2148 1151 asperas
2188 1081 2342 1126 cum
2381 1068 2412 1124 4

128 1159 349 1253 galla
398 1177 489 1232 et
526 1163 719 1233 melle
758 1166 1035 1234 teritur:
1072 1165 1154 1234 ad
1190 1163 1427 1234 lienem
1471 1162 1629 1232 folia
1667 1188 1821 1232 cum
1851 1161 2046 1232 melle
2081 1176 2149 1231 et
2189 1160 2342 1230 sale.

132 1267 649 1339 Crassiores'⁷
688 1271 950 1364 pituitas
978 1285 1045 1340 et
1076 1273 1299 1366 nigras
1326 1284 1640 1340 extenuat
1664 1283 1928 1340 coctum
1961 1293 2116 1338 cum
2157 1282 2346 1336 aceto

137 1386 221 1440 et
276 1373 497 1461 sale,
546 1388 885 1471 sumptum
946 1377 1280 1472 paulatim.
1340 1377 1553 1472 Regio
1613 1376 1850 1446 morbo
1902 1376 2128 1444 tritum
2193 1399 2344 1442 cum

144 1467 399 1548 oleo¹⁸
450 1483 519 1550 in
551 1507 745 1551 nares
769 1481 1160 1554 infunditur.
1190 1485 1377 1552 Lassi
1408 1495 1873 1601 perunguntur
1901 1506 1982 1552 ex
2007 1507 2124 1564 eo,
2153 1482 2242 1548 ita
2274 1495 2350 1549 ut

148 1610 253 1653 ne
292 1601 566 1656 venter
597 1589 975 1682 attingatur.
1009 1589 1433 1698 Epinyctidas
1462 1613 1618 1658 cum
1653 1590 1797 1684 pice
1839 1601 2044 1656 sanat.
2080 1589 2346 1655 Furun-

158 1689 387 1762 culos
431 1695 646 1789 aperit
676 1719 827 1763 cum
866 1695 995 1764 fico
1037 1698 1239 1766 trito:
1278 1712 1563 1766 strumas
1597 1720 1748 1764 cum
1778 1692 1928 1763 oleo
1963 1708 2031 1762 et
2063 1707 2250 1762 aceto
2282 1709 2351 1762 et

159 1796 424 1869 farina
442 1799 828 1870 hordeacea.
855 1804 1112 1873 Lateris
1126 1801 1387 1872 dolores
1403 1827 1556 1872 cum
1572 1801 1702 1870 fico
1720 1799 1980 1870 illitum.
2001 1802 2052 1867 F
2055 1798 2348 1869 luxiones
2397 1828 2403 1834 ·

168 1907 551 2002 sanguinis
574 1907 643 1975 in
677 1905 1069 2002 genitalibus
1105 1922 1364 1993 tusum,
1400 1924 1466 1978 et
1497 1923 1689 1978 aceto
1726 1905 1985 1976 illitum.
2015 1905 2352 1999 Reliquias

170 2013 689 2106 purgationum
730 2038 771 2082 a
808 2029 1024 2109 partu.

300 2120 536 2187 LXX.
578 2120 927 2215 Lepidium
950 2119 968 2144 ¹
1012 2123 1183 2188 inter
1230 2121 1487 2188 urentia
1523 2118 1925 2214 intelligitur.
1979 2120 2089 2187 Sic
2126 2115 2228 2187 et'
2281 2121 2348 2185 in
2395 2147 2412 2179 ι

178 2219 379 2292 facie
416 2239 639 2294 cutem
680 2226 985 2295 emendat
1017 2224 1543 2305 exhulcerand0‚
1574 2240 1652 2295 ut
1688 2241 1912 2294 tamen
1947 2249 2101 2293 cera
2141 2238 2208 2293 et
2244 2250 2352 2292 ro·

188 2351 412 2399 saceo
450 2330 640 2400 facile
669 2347 952 2401 sanetur.
998 2335 1106 2402 Sic
1140 2346 1207 2401 et
1234 2317 1505 2427 lepras³‚
1533 2345 1599 2399 et
1627 2355 1856 2469 psoras
1891 2329 2065 2404 tollit
2095 2355 2356 2427 semper

188 2432 442 2523 facile,
479 2451 545 2506 et
582 2439 959 2509 cicatricum
996 2437 1285 2508 hulcera.
1320 2425 1659 2506 Tradunt⁴
1697 2439 1765 2507 in
1803 2435 2032 2506 dolore
2059 2437 2356 2507 dentium

194 2541 647 2638 adalligatum
666 2544 940 2615 brachio
962 2570 1089 2641 qua
1112 2543 1351 2625 doleat,
1372 2558 1761 2614 convertere
1785 2529 2121 2615 dolorem⁵
2131 2597 2144 2612 .

206 2716 549 2783 Columella,
572 2718 670 2772 lib.
687 2718 823 2784 ΧΠ,
842 2736 961 2790 cap.
988 2736 1088 2771 aa:
1119 2718 1245 2773 «G-

204 2794 299 2849 nis
327 2809 506 2849 autem
542 2796 765 2851 odorem
788 2798 923 2868 picis
962 2799 1166 2864 aufert,
1190 2811 1245 2852 et

210 2875 357 2929 eluit
380 2877 707 2948 spurcitiam.
724 2902 747 2923 ι
784 2878 987 2933 Dauo.

306 2974 333 3009 1
348 2956 401 3009 5.
438 2957 635 3010 Alvum.
656 2955 951 3011 Dioscorid.
974 2958 1079 3011 loc.
1100 2956 1245 3011 citat.

212 3033 351 3106 Ξηρὰ
383 3032 445 3088 8⁸·
469 3040 679 3090 ποθιῖσα
704 3034 941 3107 ὄξυῧάφου
960 3042 1136 3098 πλῆθος
1162 3040 1245 3091 σὺν

214 3116 499 3187 μελικράτῳ
513 3153 529 3177 ,
550 3118 741 3186 gamno.
758 3116 894 3171 κατὰ
914 3118 1095 3170 κοιλίαν
1120 3118 1247 3187 ἄγει.

225 3220 251 3241 ι
280 3194 513 3249 Aridum
550 3196 811 3249 acetabuli
848 3216 1095 3251 mensura
1124 3215 1245 3250 cum

220 3292 361 3347 aqua
382 3275 552 3329 mulsa
564 3287 783 3347 epotum
798 3289 971 3337 ‚atros
994 3276 1249 3331 humores

220 3372 327 3425 per
348 3354 524 3407 alvum
545 3355 791 3409 extrahit.
810 3381 832 3402 ι
862 3356 1045 3409 Ham).

314 3437 407 3489 16.
433 3432 743 3505 suggillatis.
772 3435 1009 3489 Marcell.
1037 3435 1244 3505 Empir.

226 3531 345 3585 cap.
369 3532 483 3567 xix.
512 3514 695 3567 Hanc.

315 3611 407 3663 17.
446 3593 729 3646 Crassior-es.
770 3594 879 3647 Has
927 3613 1020 3664 per
1068 3593 1248 3647 alvum

230 3672 458 3727 extrahit
470 3710 485 3735 ‚
516 3672 690 3745 inquit
709 3672 887 3727 Diosc.
908 3672 944 3726 1.
962 3692 1008 3727 c.
1024 3670 1208 3725 Hanc.

317 3753 409 3805 18.
441 3753 583 3806 Oleo.
616 3754 753 3806 Cum
774 3752 895 3807 oleo
918 3753 1058 3806 irino
1081 3753 1139 3805 in
1162 3770 1253 3805 na·

232 3850 315 3885 res
340 3832 573 3885 infusum
600 3846 757 3904 caput
785 3850 1031 3905 purgare,
1066 3831 1253 3885 scribit

232 3910 409 3965 Diosc-
440 3913 479 3965 l.
507 3932 555 3966 c.
578 3909 763 3965 Ham).

312 3992 481 4045 LXX.
512 4010 561 4044 1.
587 3992 854 4061 Lepida'mn.
881 3992 1061 4045 DIosc.
1091 3993 1169 4053 11,
1194 4012 1252 4064 p.

243 4074 346 4124 205
379 4090 394 4123 ε
428 4066 681 4125 Amidam.
716 4074 927 4142 Δύναμις
963 4068 1025 4124 δέ
1052 4075 1126 4132 tce
1155 4080 1253 4125 τῶν

1414 2738 1467 2771 a.
1510 2716 1595 2771 Sic
1639 2729 1685 2769 ee
1725 2721 1776 2770 in
1805 2720 1952 2784 facie.
1993 2717 2127 2771 Inde
2159 2737 2356 2771 nomen

1330 2798 1514 2859 hahet,
1547 2796 1692 2869 quod
1713 2797 1868 2852 faciei
1883 2816 2078 2869 nempe
2098 2799 2356 2859 maculas,

1332 2878 1424 2939 τὰς
1454 2875 1664 2940 natutae
1689 2876 1847 2931 delet.
1872 2878 2024 2931 Servi
2047 2879 2356 2949 compuncti

1331 2970 1483 3010 notas
1537 2958 1794 3010 tollebant
1837 2956 2044 3027 lepidio
2099 2974 2113 3008 :
2162 2974 2358 3026 quare,

1336 3035 1395 3089 id
1424 3037 1520 3089 ubi
1536 3035 1960 3091 animadversum
1977 3047 2086 3099 est,
2109 3034 2356 3087 candenti

1336 3116 1478 3168 ferro
1504 3115 1651 3168 inuri
1685 3134 1775 3168 eos
1797 3116 2001 3167 invecta
2027 3112 2360 3168 consuetudo

1336 3207 1433 3247 eat.
1454 3193 1638 3247 Hanc.

1417 3274 1470 3327 3.
1506 3273 1590 3325 Sic
1610 3284 1662 3325 et
1681 3274 1855 3344 lepras.
1879 3272 2124 3326 Dioscor.
2147 3273 2184 3325 1.
2215 3292 2263 3327 c.
2291 3274 2358 3329 Η.

1332 3384 1413 3395 —-
1440 3353 1730 3408 Cicatricum
1753 3352 1963 3405 bulcem.
1979 3353 2103 3406 Vct.
2128 3372 2214 3425 ap.
2241 3352 2358 3410 Dal.

1337 3432 1580 3485 lautae-um
1606 3434 1868 3485 cicatrices.
1899 3434 2000 3485 En.
2401 3464 2408 3471 ·

1418 3518 1472 3576 6.
1508 3512 1748 3565 Tradunt.
1777 3511 2030 3565 Totidem
2052 3512 2226 3566 verbis
2248 3515 2361 3569 haec

1338 3590 1513 3647 Diosc.
1576 3590 1668 3645 sed
1719 3592 1860 3645 collo
1905 3590 2170 3663 lepidium
2211 3595 2366 3665 jubet

1336 3670 1588 3743 appendi.
1613 3673 1791 3726 Han.

1422 3752 1475 3805 5.
1510 3751 1816 3824 conpescere
1853 3752 2082 3804 dolonem.
2125 3752 2362 3807 Excitata

1339 3832 1581 3902 pustula,
1630 3850 1750 3903 qum
1801 3833 2044 3885 humoris
2095 3832 2363 3903 impetum

1341 3909 1555 3965 dentem
1586 3913 1824 3966 vexantis
1857 3909 1924 3964 ad
1965 3911 2239 3965 brachium
2281 3930 2366 3964 re-

1343 4004 1509 4046 vocet.
1538 3992 1625 4045 Sic
1651 3989 1868 4063 quidam
1894 3992 1950 4044 in
1971 4010 2036 4044 eo
2059 3991 2250 4043 morbo
2272 4010 2367 4043 au-

1342 4069 1489 4124 rium
1542 4072 1709 4125 radici
1761 4070 2142 4125 medicamenta
2176 4108 2191 4133 ,
2251 4090 2368 4141 qua

240 4152 415 4221 φύλλων
441 4147 641 4221 δριμεῖα
668 4152 902 4207 amm-32
922 4186 939 4214 ,
970 4164 1071 4205 etc.
1116 4178 1137 4201 ι
1160 4151 1258 4205 Vis
1348 4151 1586 4222 pustulas
1613 4151 1836 4221 gignunt
1859 4188 1876 4215 ‚
1897 4148 2200 4203 admovent.
2229 4152 2308 4203 Da
2319 4170 2365 4205 ι..

242 4229 487 4285 foliorum
502 4230 633 4284 acris
653 4244 707 4285 et
724 4230 1065 4285 exhulcerans
1078 4270 1094 4295 ,
1108 4245 1206 4285 etc.

1230 4258 1273 4293 ,Ι
1351 4262 1427 4273 --
1455 4232 1783 4301 Compescere,
1816 4230 1918 4285 Ch.
1945 4242 2228 4283 convertere.
2259 4231 2360 4285 En.
