3150 5150
757 527 856 597 36
1293 531 1370 596 C.
1426 527 1771 598 PLINII
1830 529 2052 597 NAT.
2114 525 2363 596 HIST.

755 657 1126 778 palmarum
1163 657 1342 753 apud
1377 659 1775 754 Babylonios
1812 662 1977 746 seri,
2015 674 2211 754 atque
2250 661 2341 728 ita
2375 657 2683 728 aiborem
2732 683 2901 754 pro-

757 767 1016 852 venire,
1045 767 1358 894 Trogum
1379 765 1733 834 credidisse
1776 766 2085 836 demiror.
2120 765 2443 855 Quaedam
2482 780 2703 834 autem
2749 764 2898 860 plu-

757 872 940 940 ribus
967 857 1358 966 generibus⁵
1403 886 1750 958 seruntur,
1780 872 2079 966 quaedam
2122 871 2457 941 omnibus.

693 993 714 1026 ¹
863 980 952 1046 X·
999 979 1096 1046 Ac
1121 975 1434 1072 pleraque
1457 1003 1538 1046 ex
1578 979 1722 1047 his
1710 1003 1849 1074 ipsa
1884 993 2120 1047 natura
2146 978 2415 1064 docuit,
2456 991 2523 1045 et
2558 980 2625 1045 in
2660 979 2901 1071 primis

759 1108 985 1152 semen
1015 1107 1269 1169 serere,
1295 1108 1500 1176 quum
1533 1083 1843 1154 decidens
1868 1099 2351 1178 exceptumque
2387 1098 2561 1152 terra
2595 1084 2893 1151 vivesce-

759 1205 880 1260 ret.
939 1189 1070 1260 Sed
1120 1188 1422 1284 quaedam
1457 1213 1601 1258 non
1644 1190 1832 1259 aliter
1851 1188 1865 1212 ¹
1924 1191 2366 1284 proveniunt,
2412 1203 2488 1257 ut
2532 1203 2861 1258 castaneae
2880 1243 2899 1276 ,

750 1295 1138 1391 juglandes:
1169 1295 1410 1364 caeduis
1431 1294 1450 1320 ²
1492 1295 1836 1365 dumtaxat
1858 1297 2167 1390 exceptis.
2204 1298 2309 1363 Ex
2349 1296 2597 1364 semine
2630 1309 2858 1363 autem
2882 1349 2901 1380 ‚

757 1427 1137 1498 quanquam
1189 1400 1522 1486 dissimili,
1579 1426 1657 1471 ea
1700 1427 1999 1496 quoque,
2043 1427 2189 1496 quae
2234 1415 2303 1470 et
2346 1397 2485 1470 aliis
2528 1399 2743 1469 modis
2796 1426 2899 1470 se·

761 1524 1052 1578 runtur:
1103 1522 1179 1576 ut
1215 1509 1415 1593 vites,
1458 1522 1524 1576 et
1562 1506 1773 1587 mala,
1822 1523 2017 1602 atque
2074 1510 2235 1603 pira.
2282 1507 2587 1624 Namque
2644 1509 2723 1574 iis
2768 1533 2899 1601 pro

757 1616 1005 1684 semine
1039 1613 1352 1702 nucleus,
1389 1639 1522 1683 non
1562 1628 1638 1682 ut
1672 1639 1871 1710 supra
1905 1613 2097 1684 dictis
2132 1614 2433 1682 fructus
2417 1637 2575 1708 ipse.
2618 1615 2708 1681 Et
2747 1639 2895 1682 me-

760 1705 961 1816 spila³
991 1722 1242 1790 semine
1269 1744 1447 1789 nasci
1471 1735 1771 1850 possunt
1796 1722 2041 1790 Omnia
2078 1707 2263 1797 haec⁴
2303 1718 2489 1788 tarda
2533 1733 2901 1838 proventu,

759 1853 836 1896 ac
878 1826 1382 1922 degenerantia,
1419 1840 1485 1893 et
1536 1811 1771 1896 insito⁵
1826 1826 2251 1896 restituenda.
2298 1824 2645 1894 Interdum
2696 1827 2897 1894 etiam

759 1948 1099 2003 castaneae.

593 2039 604 2052 ‘
695 2071 716 2105 1
863 2043 987 2108 XI.
1036 2037 1500 2128 Quibusdam¹
1561 2055 1796 2109 natura
1837 2055 2070 2110 contra
2114 2040 2386 2108 omnino
2430 2053 2585 2108 non
2604 2037 2897 2133 degene-

759 2145 946 2214 randi
963 2171 1283 2241 ‚quoquo
1305 2145 1506 2214 modo
1533 2161 1879 2216 serantur:
1917 2162 1995 2215 ut
2022 2147 2382 2276 cupressiS‚
2408 2143 2641 2214 lauris²
2669 2171 2897 2214 :·nam

758 2277 888 2346 que
904 2267 975 2322 et
993 2251 1218 2322 laurus
1245 2251 1547 2347 pluribus
1572 2253 1783 2324 modis
1802 2255 2063 2322 seritur.
2080 2237 2382 2322 Genera3
2408 2251 2551 2345 ejus
2582 2251 2895 2320 diximus.

759 2362 862 2426 Ex
881 2358 985 2426 his
1007 2361 1334 2452 Augusta,
1356 2372 1424 2426 et
1456 2357 1740 2429 baccalis
1755 2413 1773 2444 ‚
1788 2373 1856 2427 et
1883 2361 2092 2444 tinus,
2120 2358 2313 2426 simili
2336 2357 2539 2426 modo
2558 2374 2895 2426 seruntur.

760 2463 990 2534 Baccae
1013 2488 1237 2534 mense
1266 2465 1566 2557 januario
1585 2517 1603 2550 ,
1630 2463 1971 2560 Aquilonis
2012 2463 2239 2533 afflatu
2279 2465 2538 2533 siccatae
2563 2462 2899 2557 leguntur,

762 2569 1367 2664 expandunturque
1415 2595 1606 2655 rarae,
1662 2590 1746 2640 ne
1789 2569 2099 2641 calefiant
2142 2595 2403 2639 acervo,
2456 2571 2693 2639 Postea
2747 2571 2901 2665 qui·

846 2727 900 2780 5.
939 2725 1170 2779 Plus-ihm
1209 2725 1479 2796 generibus.
1533 2726 1785 2779 Pluribus

762 2804 937 2859 modis
961 2824 992 2859 e
1017 2824 1108 2859 sex
1137 2806 1382 2875 proxime
1400 2804 1781 2878 appellatinIH.

842 2886 913 2937 X.
967 2904 1015 2938 1.
1060 2884 1164 2938 Sed
1205 2885 1428 2957 quoedam
1484 2904 1581 2937 non
1626 2888 1782 2939 aliter.

765 2965 942 3029 Quam
980 2965 1196 3019 semine.
1227 2964 1420 3037 Virgil.
1454 2965 1654 3036 Georg.
1696 2966 1784 3027 11,

771 3052 836 3110 ¹4
863 3062 877 3097 ε
921 3070 946 3093 ι
973 3045 1100 3097 Pars
1133 3056 1308 3097 autem
1351 3044 1526 3116 posito
1565 3057 1789 3117 surgunt

765 3124 834 3178 de
858 3123 1081 3177 semine:
1111 3138 1170 3178 ut
1197 3125 1316 3179 alta
1342 3126 1629 3179 Castanea.
1659 3150 1681 3171 n
1717 3125 1786 3178 Η.

845 3212 905 3255 2.
943 3202 1156 3257 Caeduis.
1181 3205 1318 3270 Qun
1343 3205 1585 3269 succiso,
1604 3222 1788 3258 rursus

765 3302 796 3335 e
821 3283 1076 3355 stirpibus
1101 3296 1196 3339 aut
1213 3284 1482 3339 radicibus
1499 3302 1788 3338 renascun-

767 3374 872 3415 tur.
892 3364 1074 3419 Huiu-

849 3442 902 3494 3.
927 3443 1004 3495 Et
1027 3443 1238 3513 mespila.
1261 3442 1528 3497 Palladius
1549 3444 1607 3496 in
1639 3444 1785 3497 Mar-

768 3520 868 3587 tio,
891 3520 975 3574 tit.
996 3522 1248 3591 Mespe'lum
1263 3542 1284 3574 .·
1305 3550 1328 3571 ιι
1342 3523 1548 3577 Seritur
1568 3536 1621 3576 et
1636 3523 1789 3577 semi·

765 3618 868 3653 ne:
891 3598 986 3655 sed
1013 3600 1068 3653 in
1095 3600 1388 3671 longiorem
1406 3614 1651 3673 speratur
1664 3616 1789 3656 ieta-

768 3692 891 3733 tem.
909 3705 932 3728 n
965 3680 1155 3735 Hann-

847 3766 902 3823 4.
933 3760 1114 3813 Omnia·
1135 3760 1254 3811 leaee.
1278 3760 1470 3831 virgil.
1491 3760 1692 3831 Georg.
1708 3761 1791 3822 11,

772 3838 842 3908 57
881 3858 961 3911 sq.
1001 3865 1024 3887 e
1045 3840 1200 3903 Jam,
1221 3857 1340 3911 que
1377 3839 1669 3893 seminibus
1705 3842 1781 3912 ja·
1824 3838 1843 3851 “

767 3918 865 3971 ctis
887 3938 943 3973 se
969 3918 1183 3973 sustulit
1208 3919 1364 3973 arbos
1378 3956 1396 3982 ,
1417 3918 1597 3972 Tarda
1619 3920 1790 3986 venit,

765 3999 896 4051 seris
937 3999 1139 4053 factum
1167 3999 1454 4070 nepotibus
1497 3999 1741 4053 umbram
1769 4020 1788 4064 ;

767 4078 1034 4150 Pomaque
1068 4076 1388 4151 degenerant
1419 4095 1601 4132 suecos
1626 4080 1791 4133 oblita

763 4158 985 4227 priores.
1006 4186 1028 4209 ο
1051 4156 1193 4213 Vide
1219 4171 1273 4214 et
1298 4156 1595 4213 Palladium
1609 4158 1687 4223 ,1.
1707 4160 1791 4212 111

1872 2726 1929 2779 in
1955 2726 2111 2779 Febr.
2142 2727 2225 2781 tit.
2253 2726 2344 2782 25.
2366 2726 2731 2798 Theophrast.
2760 2728 2902 2781 nist.

1870 2807 1967 2859 lib.
1992 2807 2076 2871 11,
2098 2825 2149 2860 c.
2175 2806 2245 2859 3:
2262 2797 2378 2861 ὅσα.
2402 2802 2463 2859 δὲ
2488 2809 2692 2861 ἀπὸτοῦ
2712 2814 2903 2878 καρποῦ

1874 2893 1970 2939 τῶν
1999 2881 2283 2956 δυναμένων
2306 2886 2390 2939 καὶ
2417 2887 2543 2939 οὕτω
2572 2888 2907 2953 βλαστάνειν,

1876 2968 2057 3019 ἅπανθ’
2072 2968 2135 3026 ὥς
2152 2966 2301 3019 εἰπεῖν
2319 2966 2462 3037 χείρω
2478 3004 2495 3031 ‚
2516 2967 2583 3020 τὰ.
2602 2963 2661 3019 δὲ
2675 2966 2760 3019 καὶ
2782 2968 2907 3027 ὅλως

1878 3046 2131 3109 ἐξίσταται
2162 3052 2249 3098 τοῦ
2290 3048 2455 3117 γένους
2477 3075 2490 3087 ·
2512 3038 2606 3099 οἷον
2651 3048 2873 3116 ἄμπελος
2890 3086 2909 3109 ,

1876 3126 2064 3195 palia,
2087 3132 2210 3184 συκιῆ
2227 3164 2243 3189 ,
2258 3126 2373 3197 boii,
2398 3124 2541 3187 ἄπιος
2561 3164 2576 3190 ,
2596 3138 2703 3179 etc.
2732 3126 2909 3190 nQuoe

1876 3205 2077 3259 semine
2098 3223 2317 3275 quoque
2344 3204 2663 3276 proveniunt
2676 3244 2693 3269 ‚
2710 3223 2771 3258 ea
2788 3206 2905 3257 sere

1876 3282 2140 3338 deteriora
2152 3282 2464 3339 redduntur.
2474 3284 2730 3351 Quaedam
2739 3284 2905 3339 etiam

1877 3364 2105 3417 omnino
2116 3362 2439 3435 degenerant
2448 3403 2465 3429 ‚
2476 3377 2536 3417 ut
2549 3363 2668 3417 vitis
2678 3402 2695 3429 ,
2712 3364 2905 3431 malus,

1872 3444 2034 3509 fleus,
2060 3444 2286 3513 punica,
2308 3444 2472 3517 pirus.
2490 3468 2513 3491 ο
2564 3444 2749 3496 Hmn.

1958 3523 2012 3577 5.
2042 3524 2117 3576 Et
2144 3527 2304 3578 imizo.
2330 3523 2603 3577 Insitione.
2632 3524 2907 3577 Ham).—

1877 3604 2002 3656 Vet.
2026 3600 2171 3676 apud
2201 3604 2376 3657 Dalec.
2404 3608 2569 3657 imita.
2594 3602 2701 3653 En.

1958 3683 2058 3736 xl.
2111 3702 2159 3735 1.
2198 3684 2515 3753 Quibusdam.
2543 3682 2904 3753 Theophrast.

1878 3762 2079 3816 Histor.
2112 3762 2209 3816 lib.
2250 3765 2332 3828 11,
2356 3780 2471 3836 etp.
2507 3762 2538 3815 3
2556 3804 2573 3827 ,
2602 3762 2715 3815 hee
2742 3764 2906 3833 paulo

1878 3842 2225 3896 enucleatius.
2253 3843 2440 3896 Hnm.

1960 3942 2012 3975 α.
2030 3921 2275 3993 Cape-esais
2286 3961 2301 3987 ‚
2314 3923 2481 3975 lauris.
2498 3923 2623 3975 Vet.
2642 3925 2899 3991 cupressis,

1872 4002 2077 4072 paImc's,
2106 4002 2274 4055 lauris.
2304 4003 2410 4056 En.

1966 4082 2015 4134 3.
2048 4080 2241 4136 Genera
2262 4084 2361 4150 ejus
2384 4082 2605 4137 dise‘mus.
2624 4082 2746 4135 Lib.
2768 4082 2873 4134 XV
2886 4119 2901 4143 ‚

1879 4178 1993 4231 etp.
2024 4162 2119 4229 39.
2144 4160 2325 4214 Han.
