3150 5150
921 594 1232 664 LIBER
1285 597 1586 664 XVlll.

2196 595 2323 690 ¹67

175 747 514 818 novaeque
543 739 766 819 nuptae
801 714 1131 796 farreum⁸
1174 728 1629 823 praeferebant.
1686 727 1937 821 Agrum
1981 726 2151 802 male
2204 756 2285 798 co
2306 769 2325 782 ψ

177 828 324 899 lere
344 880 366 912 ,
399 829 815 902 censorium⁹
854 833 1176 926 probrum
1213 834 1657 929 judicabatur.
1708 835 1919 927 Atque
1958 824 2077 926 (ut
2124 835 2326 904 refert

177 939 364 1004 Cato
383 927 486 1018 ω)
525 962 722 1032 quem
761 939 979 1010 virum
1022 940 1272 1012 bonum
1319 940 1631 1012 colonum
1666 939 2015 1022 dixissent,
2060 940 2322 1036 amplis·

177 1043 354 1112 sime
397 1042 699 1116 laudasse
731 1046 1212 1118 existimabant.
1257 1050 1430 1118 Hinc
1465 1062 1534 1118 et
1574 1044 1938 1140 locupletes
1980 1045 2325 1132 dicebant,

179 1149 370 1233 loci,
411 1149 544 1220 hoc
581 1165 720 1236 est,
763 1153 907 1246 agri
949 1151 1197 1248 plenos.
1259 1156 1542 1226 Pecunia
1590 1151 1791 1248 ipsa¹¹
1830 1177 1870 1222 a
1907 1178 2147 1248 pecore
2197 1178 2318 1248 ap-

181 1253 584 1346 pellabatur.
637 1258 858 1334 Etiam
909 1283 1090 1332 nunc
1143 1263 1212 1332 in
1271 1260 1512 1332 tabulis
1559 1261 1874 1330 censoriis
1925 1283 2171 1354 pascua
2214 1260 2318 1329 di·
2362 1275 2392 1326 3

179 1431 480 1500 conjugum
498 1469 514 1494 ,
527 1444 618 1486 aut
639 1430 929 1486 amicorum
944 1469 958 1490 ,
971 1431 1216 1486 adhibito

179 1507 302 1560 libo
345 1509 525 1566 farreo
541 1549 558 1574 ,
608 1510 934 1581 conjunctio.
981 1513 1183 1566 Contra
1199 1551 1217 1579 ,

178 1586 520 1645 differre-tio
532 1625 548 1648 ,
575 1591 840 1662 conjugii,
863 1591 1181 1647 amicitiaere
1195 1633 1212 1655 ,

179 1679 409 1720 auctore
430 1669 588 1724 Festo
601 1707 617 1733 ,
649 1688 746 1742 per
766 1669 910 1724 idem
927 1671 1098 1726 libum
1117 1674 1221 1725 far·

179 1765 341 1800 reum
365 1747 668 1804 dissolutio.
694 1749 834 1804 Vide
859 1750 1018 1806 Dion.
1046 1751 1216 1806 Halic.

178 1825 319 1880 Ant.
367 1827 529 1881 Rom.
556 1830 652 1883 lib.
695 1829 770 1884 11.
799 1830 1017 1884 Festus:
1051 1831 1216 1886 ..Far-

179 1923 340 1958 reum
357 1946 376 1972 ,
395 1925 565 1978 genus
581 1909 677 1962 libi
709 1927 777 1962 ex
793 1909 933 1964 farre
955 1909 1172 1964 factum.
1185 1937 1208 1958 ο

177 1984 384 2040 Isidori
399 1987 598 2043 Glossae
613 2006 628 2042 ε
648 2016 671 2038 ι
683 1989 1047 2045 confarreatio
1057 2030 1074 2056 ,
1086 2009 1214 2044 con·

175 2083 464 2120 sacrorum
507 2067 934 2124 communicatio.
991 2070 1215 2126 Consar-

175 2157 394 2211 reatus,
413 2148 762 2202 consociatus.
784 2175 808 2196 ι
851 2148 1051 2202 Glossae
1089 2149 1216 2203 Phi·

175 2223 398 2291 loxeni,
422 2229 767 2294 confirm-catus,
785 2227 1108 2298 Συμὸιῶσιως
1125 2229 1217 2298 χᾶ-

173 2324 252 2372 pm
282 2307 517 2376 διωχθείς.
539 2306 680 2360 Vide
702 2307 934 2364 Glossar.
961 2309 1035 2362 V.
1071 2309 1213 2365 Clar.

177 2385 518 2457 Dur-Cangii.
539 2385 722 2440 Hsun.

267 2468 327 2520 8.
371 2467 619 2538 Namque
653 2479 816 2538 nupta
829 2468 1046 2534 samum
1059 2505 1077 2534 ,
1111 2481 1212 2524 etc.

177 2543 348 2599 Festo
388 2558 443 2600 et
469 2545 692 2600 Boethio
719 2547 1058 2601 matrimonia
1085 2565 1214 2602 con-

175 2624 539 2680 trahebantur
576 2624 748 2681 farreo
785 2626 898 2681 libo
937 2626 1178 2681 adhibito
1198 2667 1213 2693 ,

177 2704 330 2757 Plin.
359 2707 607 2779 prolato.
641 2707 824 2779 ltaque
854 2706 1084 2761 farreum
1123 2708 1213 2762 hic

175 2783 362 2837 libum
409 2787 588 2858 plures
631 2785 890 2858 ejusmodi
921 2802 1209 2859 exponunt.

175 2863 440 2919 Servatur
461 2884 578 2919 mos
591 2864 680 2920 ille
703 2866 1022 2937 preferendi
1043 2866 1210 2920 libum

173 2956 311 2997 ante
331 2944 659 3015 prodeuntes
679 2964 896 3019 sponsas
921 2947 1212 3001 etiamnum

172 3022 334 3093 apud
359 3026 589 3080 rusticos
601 3024 992 3097 Lugdunenses.
1011 3026 1215 3081 Fortas-

173 3122 236 3155 se
253 3105 486 3171 sim-amn
527 3105 618 3159 hic
647 3104 824 3160 fictilis
851 3118 930 3160 est
971 3118 1176 3177 sartago
1195 3144 1213 3173 ,

173 3184 234 3235 in
279 3203 392 3254 qua
417 3186 498 3238 far
525 3186 849 3247 torrebatur,
876 3188 932 3239 τὸ
962 3188 1211 3257 φρύγιτον.

167 3264 364 3317 Julius
392 3266 581 3319 Pollux
606 3283 618 3317 :
642 3268 800 3319 Σόλων
826 3262 888 3321 di
909 3264 998 3328 τὰς
1020 3266 1214 3335 νύμφας

167 3346 354 3405 icona<
387 3346 472 3399 ivri
511 3346 593 3397 τὸν
621 3346 808 3415 γάμον,
850 3346 1067 3399 ἰκᾶιυσι
1105 3347 1215 3415 φρύ-

165 3444 326 3492 γιτον
355 3427 514 3496 φέρειν
546 3425 1026 3497 σπμιῖον.Τὶ1)οτίυε
1047 3424 1214 3479 multa

167 3503 246 3555 de
293 3504 641 3558 confarreatis
668 3505 976 3577 parentibus
1007 3516 1062 3557 et
1083 3523 1214 3557 con-

165 3582 457 3638 farn-candi
483 3582 650 3637 modo
679 3582 905 3638 disserit.
925 3583 1212 3655 Dionysius

165 3682 357 3717 sacras
369 3662 492 3717 illas
506 3664 718 3734 nuptias
737 3662 919 3723 tradit,
944 3662 1094 3736 quod
1109 3664 1212 3717 illis

165 3756 398 3795 tantum
445 3742 685 3797 flamines
731 3756 1024 3797 uterentur.
1059 3742 1212 3797 Idem

167 3838 228 3876 et
253 3822 520 3875 Boethius
540 3823 598 3875 in
617 3822 863 3893 Topicis,
881 3841 1102 3877 uxorem
1121 3823 1215 3876 tri·

165 3904 282 3955 bus
314 3900 496 3955 modis
518 3902 704 3955 haberi
731 3902 940 3955 solitam
962 3902 1212 3967 scribens,

165 3984 350 4044 sarm,
380 3982 492 4036 sive
511 3982 928 4036 confarreatione
945 4017 962 4043 ,
987 4000 1214 4055 qunpe·

159 4060 404 4117 culiaris
447 4074 560 4115 erat
613 4062 954 4134 pontificibus
989 4080 1004 4114 :
1038 4081 1214 4115 coem-

165 4142 375 4213 ptione
403 4181 420 4206 ,
449 4160 560 4213 quo
600 4142 713 4195 solo
739 4140 902 4195 modo
939 4139 1216 4195 dicebatur

165 4222 617 4289 maten-familiam
645 4234 698 4275 et
721 4241 838 4277 usu.
863 4248 884 4271 ι
907 4222 1066 4277 Fan-re
1089 4241 1216 4275 con-

1304 1432 1615 1488 veniebatur
1640 1431 1696 1485 iu
1721 1449 1939 1486 manum
1952 1431 2110 1487 certis
2132 1431 2327 1498 verbis,

1302 1513 1649 1584 presentibus
1692 1510 1875 1565 decem
1909 1513 2159 1576 testibus,
2196 1513 2327 1564 sole-

1304 1593 1418 1646 mni
1457 1591 1719 1646 sacrificio
1760 1593 1901 1646 facto
1933 1631 1949 1660 ,
1984 1605 2038 1646 et
2082 1591 2325 1646 adhibito

1303 1691 1439 1744 pane
1468 1673 1644 1726 farreo
1662 1697 1713 1736 ,ι
1744 1671 1919 1742 inquit
1940 1672 2321 1742 Ulpianus.Vi·

1302 1750 1371 1804 de
1399 1749 1638 1823 Rhodi'g.
1662 1751 1756 1804 lib.
1778 1751 2023 1805 XXVIII
2041 1791 2056 1816 ,
2074 1769 2191 1822 cap.
2222 1770 2321 1821 ²7³

1306 1831 1458 1884 Alex.
1480 1833 1548 1885 ab
1576 1833 1721 1884 Alex.
1748 1830 1847 1883 lib.
1870 1832 1955 1895 11,
1985 1849 2100 1902 cap.
2129 1831 2189 1896 ὃς
2212 1832 2324 1883 Rae·

1301 1909 1554 1977 vai-dum,
1596 1910 1814 1964 Varior.
1850 1910 1945 1963 lib.
1970 1912 2069 1975 lv,
2096 1929 2216 1981 cap.
2254 1927 2317 1962 xa

1303 2002 1357 2044 et
1389 1995 1491 2057 16,
1521 2002 1574 2044 et
1611 1990 1841 2062 apertius
1876 2008 1997 2061 exp.
2032 2007 2095 2043 αι
2141 1989 2199 2042 in
2226 1990 2319 2041 lib.

1303 2071 1410 2122 ΧΠ
1451 2069 1618 2124 tabul.
1660 2070 1963 2141 sigonium,
2001 2068 2068 2122 de
2100 2070 2321 2140 antiquo

1298 2150 1420 2219 jure
1445 2150 1546 2203 civ.
1570 2150 1733 2202 Rom.
1756 2149 1852 2202 lib.
1880 2149 1931 2210 1,
1959 2167 2005 2201 c.
2040 2167 2094 2217 9.
2116 2151 2318 2203 Dine.

1382 2245 1438 2298 9.
1469 2229 1661 2298 Agrum
1689 2247 1751 2282 m.
1791 2229 1884 2281 col.
1924 2231 2183 2281 censorium
2207 2249 2321 2299 pro-

1303 2307 1434 2360 brum
1451 2309 1783 2379 judicabatur.
1814 2309 1931 2361 Hoc
1952 2320 2059 2372 est,
2083 2308 2319 2363 animad-

1301 2387 1543 2441 versione
1558 2428 1575 2455 ,
1600 2379 1890 2459 ignominia
1912 2400 1963 2441 et
1983 2388 2321 2458 castigatione

1299 2467 1538 2521 censoria
1563 2466 1802 2538 dignum.
1833 2467 2175 2520 Notationem
2194 2487 2315 2520 cen·

1299 2547 1491 2602 soriam
1523 2546 1660 2601 dixit
1686 2547 1874 2603 Cicero
1916 2566 2017 2619 pro
2040 2547 2314 2610 Cluentio,

1298 2644 1356 2679 n.
1404 2630 1534 2681 128.
1575 2627 1986 2699 Castigationem
2022 2628 2317 2681 censoriam

1298 2705 1500 2759 Plinius
1526 2707 1632 2760 hoc
1655 2707 1794 2760 libro
1812 2746 1828 2772 ‚
1854 2724 1971 2777 cap.
2002 2730 2050 2775 7.
2083 2707 2320 2772 Gellius,

1298 2786 1392 2841 lib.
1415 2787 1516 2852 IV,
1549 2805 1668 2858 cap.
1703 2804 1769 2841 ra
1798 2804 1812 2840 :
1839 2812 1863 2833 ι
1887 2788 1943 2840 Si
1985 2787 2107 2859 quis
2134 2806 2318 2858 agrum

1298 2884 1452 2919 suum
1505 2884 1690 2938 passus
1744 2866 1919 2920 fuerat
1974 2866 2316 2932 sordeseere,

1299 2962 1530 3017 eumque
1573 2944 1917 3017 indiligenter
1962 2948 2183 2999 curabat
2202 2987 2219 3014 ,
2259 2966 2320 2999 ac

1297 3043 1472 3097 neque
1487 3038 1752 3090 araverat,
1772 3044 1949 3096 neque
1972 3040 2289 3098 purgaverat
2303 3047 2325 3092 ς-

1298 3106 1410 3159 sive
1429 3105 1550 3178 quis
1569 3106 1815 3159 arborem
1838 3124 1987 3159 suam
2006 3105 2321 3177 vineamque

1298 3184 1556 3239 habuerat
1596 3182 1873 3238 derelictui
1902 3223 1918 3252 ,
1948 3202 2061 3237 non
2108 3184 2163 3237 id
2208 3186 2320 3237 sine

1298 3282 1454 3335 poena
1495 3265 1598 3317 fuit
1630 3282 1645 3317 ε
1682 3262 1774 3317 sed
1818 3274 1930 3316 erat
1955 3281 2093 3334 opus
2136 3282 2319 3317 censo-

1299 3342 1438 3397 rium
1449 3382 1465 3407 ,
1504 3360 1853 3413 censoresque
1883 3345 2129 3397 erarium
2160 3344 2314 3398 facie-

1297 3424 1457 3487 bant,
1483 3436 1583 3477 etc.
1605 3447 1627 3469 ι
1678 3422 1861 3476 Ηιιιι).

1384 3521 1470 3555 10.
1505 3502 1574 3555 Ut
1595 3504 1741 3570 refert
1768 3502 1910 3555 Cato.
1928 3502 2063 3556 Cato
2089 3503 2144 3555 in
2166 3504 2318 3573 praef.

1297 3582 1390 3635 lib.
1411 3580 1481 3636 de
1494 3584 1572 3636 Re
1584 3584 1735 3636 Rust.
1757 3606 1780 3629 e
1804 3582 1873 3637 Et
1890 3582 2066 3637 virum
2088 3584 2291 3636 bouum
2307 3623 2321 3648 ,

1298 3662 1472 3733 inquit
1491 3700 1508 3727 ,
1545 3681 1713 3734 quum
1754 3659 2042 3716 laudabant
2062 3703 2077 3728 ,
2109 3664 2185 3717 ita
2209 3664 2321 3717 lau-

1298 3740 1497 3796 dabant
1515 3742 1749 3797 :Bonum
1768 3742 2049 3813 agricolam
2060 3782 2078 3809 ‚
2091 3743 2323 3796 bonum-

1300 3840 1404 3893 que
1444 3822 1697 3875 colonum
1723 3841 1737 3874 ε
1763 3822 2089 3892 amplissime
2119 3822 2325 3877 laudari

1301 3900 1723 3968 existimabatur,
1737 3902 1829 3975 qui
1852 3902 1924 3956 ita
1949 3900 2282 3955 laudabatur.
2297 3928 2318 3948 ι·

1303 3982 1487 4035 Ilum.

1390 4079 1411 4112 1
1431 4080 1478 4114 ι.
1511 4061 1725 4113 Pecunia
1757 4066 1879 4133 ipsa.
1922 4060 2065 4114 Vide
2095 4077 2215 4131 quae
2248 4058 2328 4113 di-

1305 4140 1442 4194 cturi
1465 4158 1649 4195 sumus
1672 4140 1765 4193 lib.
1796 4142 2035 4195 XXXIII
2052 4179 2068 4203 ,
2090 4158 2206 4211 cap.
2240 4156 2259 4191 ι
2275 4141 2322 4190 3.

1303 4220 1482 4274 Ham).

1955 4352 1976 4396 1
2006 4315 2073 4397 Γ*
