3150 5150
1027 505 1163 574 DE
1210 507 1475 575 01210.
2017 545 2024 553 -
2167 508 2296 598 64·

252 624 444 696 Capita
462 623 735 696 papaveris
758 623 1017 678 teneriora
1040 636 1193 678 aceto
1216 625 1427 680 condita
1448 643 1479 678 a
1504 625 1778 680 nonnullis
1799 625 1853 680 in
1880 643 2060 682 mensa
2080 631 2312 685 secunda

170 726 537 786 appetuptur.

256 804 340 855 De
371 802 483 870 opii
512 800 852 873 qualitatibus
876 819 985 854 non
1027 819 1165 852 unns
1203 815 1282 855 est
1318 803 1558 856 omnium
1602 788 2037 856 consensu-(Alii
2078 806 2318 861 conside·

171 903 367 944 rantes
392 890 572 962 opium
609 908 901 961 paucorum
936 907 1229 960 granorum
1262 888 1381 943 dosi
1412 889 1708 944 exhibitum
1755 903 1914 963 eaput
1953 909 2209 960 gravare,
2239 913 2325 948 so·

174 997 375 1032 muum
390 977 671 1032 conciliare
686 1015 703 1043 ,
733 975 933 1031 doloris
955 995 1164 1031 sensum
1180 976 1479 1031 obtundere
1494 1018 1509 1044 ,
1521 977 1922 1050 respirationem
1940 978 2315 1048 intercludere,

173 1065 568 1140 hominemque
598 1065 949 1118 dormientem
980 1065 1087 1118 vita
1126 1063 1337 1137 privare
1355 1103 1371 1128 ,
1416 1066 1545 1118 illud
1570 1085 1676 1119 non
1712 1065 1874 1121 modo
1901 1066 2154 1139 frigidum
2175 1107 2194 1135 ‚
2231 1069 2326 1124 sed

178 1164 383 1224 quai-to
424 1142 633 1207 recensu
666 1171 781 1206 esse
822 1152 926 1205 tale
969 1153 1469 1224 pronuntiaverunt.
1500 1153 1600 1206 Alii
1638 1153 1707 1207 ad
1745 1157 1858 1228 ejus
1893 1173 2136 1227 saporem
2174 1177 2322 1212 ama-

178 1260 311 1293 rum
328 1277 345 1304 ,
369 1259 545 1294 acrem
574 1254 626 1294 et
653 1240 941 1294 causticam
962 1239 1291 1310 attendentes
1311 1277 1328 1303 ,
1348 1239 1483 1294 illud
1511 1239 1744 1294 calidum
1767 1261 1880 1296 esse
1903 1243 2291 1298 constituerunt
2311 1265 2328 1310 ς

180 1347 288 1381 nee
324 1329 486 1400 magis
521 1328 589 1381 de
615 1328 759 1381 illius
794 1327 994 1381 virtute
1018 1329 1158 1382 inter
1184 1347 1240 1382 se
1277 1328 1612 1382 conveniunt.
1638 1329 1742 1382 Alii
1775 1329 1907 1384 illud
1934 1331 2232 1386 virulentia
2267 1346 2325 1386 et

178 1434 473 1468 narcoseos
497 1429 833 1480 accusantes,
859 1415 1141 1487 culparum
1168 1429 1219 1468 et
1243 1417 1557 1486 rejecerunt.
1589 1416 1692 1469 Alii
1714 1417 1848 1471 illud
1875 1419 2056 1489 magni
2079 1419 2285 1474 faciunt
2301 1461 2320 1486 ,

182 1515 243 1555 et
280 1503 529 1576 pluribus
571 1503 737 1556 titulis
772 1513 825 1556 et
860 1502 1043 1573 elogiis
1083 1503 1381 1556 cumulant.
1421 1505 1671 1556 Veterum
1717 1505 2026 1560 Grocorum
2062 1507 2325 1578 plurimi,

184 1605 451 1644 narrante
498 1589 843 1655 Dioscoride,
881 1591 1019 1644 illius
1062 1607 1220 1644 usum
1251 1592 1333 1644 vel
1378 1591 1533 1644 etiam
1563 1603 1842 1646 externum
1881 1593 2322 1648 reformidarunt.

186 1706 213 1724 α
236 1681 382 1732 Raro
408 1679 681 1752 cogimur,
702 1679 880 1751 inquit
902 1680 1163 1743 Galenus,
1189 1680 1283 1732 lib.
1302 1681 1370 1746 ,11
1398 1678 1467 1734 de
1499 1681 1748 1752 Compos.
1783 1680 1972 1736 medic.
2003 1682 2132 1736 κατὰ
2152 1684 2324 1744 τόπους

189 1767 299 1836 (de
353 1766 537 1823 dolore
589 1768 779 1838 capitis
817 1771 1009 1839 agens)
1027 1806 1044 1831 ,
1090 1767 1387 1840 pharmacis
1434 1787 1500 1820 ex
1547 1767 1820 1839 opio.uti;
1866 1787 2033 1840 quum
2077 1769 2324 1825 videlicet

186 1875 305 1925 prze
343 1853 541 1906 doloris
566 1854 930 1922 vehementia,
962 1855 1125 1908 bomo
1155 1854 1223 1908 de
1248 1856 1355 1909 vita
1391 1855 1754 1927 periclitatur:
1779 1875 2086 1929 quanquam
2114 1869 2167 1910 et
2199 1869 2330 1912 tune

189 1942 384 1994 solida
422 1955 593 2013 partes
634 1961 703 1996 ex
746 1947 856 2017 ejus
896 1961 996 1996 usu
1036 1941 1416 2005 offendantur,
1464 1939 1598 1996 adeo
1643 1955 1700 1995 nt
1742 1944 1963 2014 posthac
2003 1945 2332 1998 correctione

188 2048 339 2100 opus
378 2030 626 2084 habeant.
672 2031 759 2084 sic
797 2049 862 2082 ex
906 2031 1028 2100 opio
1069 2030 1285 2104 collyria
1316 2030 1495 2084 multis
1533 2029 1854 2083 detrimento
1895 2031 2138 2093 fuerunt,
2175 2034 2248 2085 ita
2273 2045 2335 2086 ut

190 2117 428 2171 debilem
470 2119 686 2172 oculum
724 2117 1083 2180 reddiderint,
1113 2130 1166 2171 et
1199 2118 1341 2172 visus
1380 2117 1760 2172 hebetudinem
1801 2116 2148 2172 induxerint:
2184 2121 2336 2174 velut

190 2207 359 2259 etiam
392 2206 605 2260 auditus
637 2207 949 2279 gravitatem
973 2205 1236 2258 inducunt
1260 2224 1612 2279 quacumque
1637 2205 1706 2258 ad
1726 2207 2096 2260 vehementem
2121 2208 2336 2262 aurium

191 2294 437 2348 dolorem
465 2313 525 2347 ex
545 2295 1001 2366 papaveris-succo
1020 2306 1141 2348 sunt
1165 2296 1476 2366 composita.
1496 2294 1786 2348 pharmaca
1805 2296 1946 2348 enim
1973 2314 2037 2348 ex
2055 2297 2334 2369 papaveris

192 2401 361 2436 succo
397 2385 577 2436 omnia
606 2401 820 2437 sensum
851 2383 1241 2453 stupefaciunt:
1265 2394 1317 2434 et
1343 2381 1413 2433 ob
1440 2381 1496 2434 id
1523 2400 1648 2434 sane
1680 2382 1920 2454 cogimur
1941 2381 2065 2453 ipsis
2094 2384 2204 2448 uti,
2239 2383 2336 2436 ubi

194 2473 409 2526 nullum
426 2469 569 2524 aliud
591 2470 939 2542 mitigativum
967 2488 1122 2540 opem
1147 2468 1284 2522 tulit.
1298 2495 1323 2514 κ»
1340 2469 1604 2523 Galenum
1623 2469 1834 2540 sequuti
1854 2479 1977 2522 sunt
1994 2469 2210 2542 plurimi
2227 2471 2336 2525 Ve-

194 2572 375 2615 terum
402 2571 453 2613 et
480 2558 916 2624 Neotericorum;
948 2557 1223 2611 Fernelius
1238 2596 1255 2623 ,
1277 2556 1614 2619 Matthiolus,
1634 2556 1870 2611 Ruellius
1885 2598 1902 2624 ,
1927 2557 2336 2614 'fabem-mon·

198 2663 391 2713 tanus,
414 2644 657 2701 Rhodius
676 2684 691 2709 ,
734 2644 1027 2700 Renodaeus
1049 2682 1064 2709 ,
1110 2647 1341 2699 Zacutus
1384 2644 1685 2707 Lusitanus,
1713 2645 2082 2710 Quercetanus
2098 2686 2115 2712 ,
2141 2646 2334 2702 Schm-

194 2736 363 2789 derus
377 2774 394 2798 ‚
406 2746 505 2789 ete.
528 2734 861 2789 Dioscorides
880 2748 1057 2788 tamen
1072 2734 1211 2787 illius
1228 2752 1513 2787 usunrnon
1532 2733 1670 2787 adeo
1693 2732 2080 2787 reformidavit.
2099 2761 2124 2781 α
2140 2735 2336 2806 Opium

200 2823 413 2895 inquit,
432 2836 701 2895 sumptum
725 2824 833 2876 ervi
864 2822 1231 2893 magnitudine
1251 2820 1493 2876 dolorem
1518 2822 1638 2875 finit
1657 2838 1670 2873 :
1689 2821 2005 2893 concoquit,
2019 2834 2072 2875 et
2093 2840 2339 2875 somnum

200 2912 401 2965 allicit:
421 2912 551 2965 tussi
574 2924 739 2984 atque
771 2912 1109 2967 coeliacorum
1141 2909 1433 2964 valetudini
1460 2910 1757 2963 auxiliatur.
1774 2910 1974 2962 Verum
2001 2910 2046 2962 si
2068 2910 2338 2981 copiosius

200 3001 509 3065 hauriatur,
539 3012 729 3065 nocet,
766 3018 931 3071 quum
970 2998 1287 3069 lethargicos
1323 2997 1561 3051 efficiens
1587 2997 1870 3050 interimat.
1895 2993 1976 3048 Ad
1997 2995 2206 3049 dolores
2247 3016 2337 3049 cn-

202 3089 333 3159 pitis
366 3107 487 3143 cum
514 3106 727 3141 rosaceo
757 3088 875 3140 oleo
907 3088 1183 3157 perfusum
1212 3084 1396 3139 efficax
1444 3098 1525 3137 est
1550 3102 1564 3136 :
1588 3085 1797 3137 aurium
1831 3082 2006 3137 dolori
2045 3078 2170 3137 cum
2193 3101 2338 3157 amy-

202 3177 457 3249 gdalino,
486 3176 699 3244 myrrha
725 3188 777 3228 et
804 3193 962 3227 croco
990 3172 1295 3226 instillatur.
1338 3170 1856 3224 Inflammationibus
1896 3171 2172 3225 oculorum
2213 3189 2338 3225 cum

204 3264 492 3318 torrefacto
516 3264 600 3317 ovi
626 3264 765 3315 luteo
790 3260 1037 3334 proficit;
1072 3260 1184 3331 igni
1206 3277 1355 3313 sacro
1391 3270 1441 3311 et
1470 3258 1780 3313 vulneribus
1817 3277 1940 3311 cum
1965 3271 2151 3323 aceto;
2178 3258 2342 3331 poda-

203 3353 320 3423 gris
342 3370 465 3405 cum
501 3351 633 3404 lacte
666 3350 895 3403 mulieris
933 3361 983 3401 et
1023 3366 1197 3401 croco.
1240 3346 1497 3400 Somnum
1545 3350 1771 3400 accersit
1802 3346 2072 3401 subditum
2101 3346 2217 3401 sedi
2246 3366 2343 3419 pro

204 3441 467 3493 balano.»
499 3442 644 3493 Inter
680 3438 1006 3492 recentiores
1043 3437 1165 3491 felix
1192 3436 1429 3489 Platerus
1476 3434 1575 3489 diu
1610 3435 1906 3507 neglectum
1931 3437 2114 3506 opium
2147 3448 2203 3493 et
2227 3474 2242 3501 ,
2283 3446 2345 3487 ut

202 3530 279 3580 ait
300 3567 316 3593 ‚
346 3530 447 3581 sub
471 3545 684 3582 scamno
710 3528 965 3597 rejectum
981 3562 996 3585 ,
1024 3524 1081 3575 iu
1108 3542 1263 3576 usum
1288 3522 1554 3575 revocavit
1576 3540 1592 3584 3
1632 3540 1789 3592 quem
1803 3534 2062 3593 sequutus
2085 3534 2162 3575 est
2185 3522 2345 3576 Fran-

201 3620 381 3671 ciscus
410 3617 617 3689 Sylvius
642 3616 902 3677 Batavus,
934 3632 1027 3667 seu
1066 3614 1149 3665 Du
1175 3630 1245 3667 u
1271 3612 1414 3674 Boi,
1458 3610 1551 3682 qui
1595 3610 1736 3665 dixit
1763 3628 1820 3665 se
1843 3611 1986 3664 nolle
2021 3611 2340 3666 medicinam

202 3724 456 3759 exercere
473 3744 491 3769 ,
528 3706 573 3758 si
598 3718 798 3759 careret
841 3704 966 3775 opio
987 3719 1003 3755 :
1024 3700 1166 3754 unde
1194 3699 1385 3753 doctor
1412 3700 1640 3770 Opiatus
1685 3698 1858 3753 dictus
1887 3711 1986 3753 est.
2014 3700 2116 3753 Sed
2145 3712 2206 3753 ut
2232 3697 2342 3771 opii

200 3806 402 3847 natura
426 3806 478 3846 et
502 3792 643 3847 vires
672 3792 857 3845 melius
882 3792 1209 3843 innotescant
1228 3826 1244 3851 ,
1264 3786 1716 3841 considerandum
1741 3798 1819 3841 est
1839 3786 2054 3859 quinam
2079 3787 2183 3841 sint
2201 3787 2344 3839 illius

202 3882 431 3935 effectus
456 3880 664 3935 modica
701 3878 821 3933 dosi
848 3879 1101 3939 exhibiti,
1128 3874 1399 3949 quomodo
1433 3876 1559 3947 regri
1586 3894 1614 3927 a
1651 3876 1814 3929 nimia
1849 3874 1966 3929 dosi
1999 3873 2301 3929 afficiantur
2326 3909 2341 3934 ,

203 3991 270 4024 ac
307 3969 521 4023 tandem
544 3988 662 4041 quie
686 3980 1033 4041 symptomata
1061 3965 1455 4021 diuturniorem
1478 3964 1623 4017 illius
1644 3982 1798 4017 usum
1827 3973 2132 4036 sequantur.

283 4058 485 4128 Opium
504 4058 587 4109 vel
614 4058 818 4109 interne
842 4067 1119 4126 usurpatur
1142 4092 1156 4115 ‚
1184 4055 1269 4107 vel
1305 4066 1533 4106 externe.
1566 4052 1794 4103 Externe
1814 4050 2088 4103 admotum
2114 4061 2349 4105 tumores

382 4173 509 4235 Vl.
1940 4164 2024 4241 [μ
