3150 5150
907 570 1046 644 358

1443 576 1520 642 C.
1575 574 1925 646 PLINII
1974 575 2191 641 NAT.
2244 574 2505 648 HIST.

904 723 1127 794 sexta,
1164 705 1362 775 ambo
1402 706 1748 802 praefecti:
1788 722 2012 777 aestate
2041 732 2200 775 vero
2239 707 2543 801 proxima
2576 704 2892 775 Valerius
2918 710 3044 775 Ma-

903 818 1130 889 rianus
1162 840 1247 883 ex
1282 816 1608 912 praetoriis
1637 815 2094 898 senatoribus,
2120 838 2159 882 a
2196 811 2485 884 Puteolis
2515 838 2697 883 nono
2729 813 2840 882 die
2865 813 3043 883 lenis-

902 924 1069 991 simo
1113 917 1319 990 flatu?
1364 922 1658 990 Herbam
1694 945 1866 1008 esse,
1904 946 2052 1016 quae
2086 905 2350 990 Gades⁵
2399 918 2484 987 ad
2527 919 2836 989 Herculis
2864 919 3042 989 colu-

898 1054 1090 1098 mnas
1120 1029 1407 1147 septimo
1428 1029 1533 1098 die
1559 1030 1817 1097 Ostiam
1848 1029 2116 1113 afferat,
2143 1042 2210 1096 et
2234 1029 2610 1095 citeriorem
2621 1011 3043 1121 ‘'Hispani-‘im

897 1150 1176 1230 quarto,
1219 1137 1633 1228 provinciam
1667 1135 2175 1206 Narbonensem
2215 1148 2446 1219 tentio
2483 1132 2775 1203 Africam
2809 1133 3041 1204 altero:

896 1242 1079 1336 quod
1131 1243 1329 1311 etiam
1386 1241 1777 1312 mollissimo
1836 1243 1996 1311 flatu
2044 1243 2325 1336 contigit
2379 1243 2457 1310 C.
2514 1239 2773 1310 Flavio⁷
2781 1294 2800 1327 ,
2834 1240 3044 1335 legato

896 1348 1076 1418 Vibii
1119 1350 1339 1471 Crispi
1397 1347 1866 1444 proconsulis?
1906 1348 2142 1418 Audax
2178 1350 2350 1430 vita,
2404 1333 2763 1416 scelerum⁸
2800 1344 3040 1441 plena.

894 1455 1143 1552 aliquid
1190 1459 1351 1543 seri,
1396 1470 1473 1524 ut
1516 1471 1751 1525 ventos
1800 1453 2256 1550 procellasque
2315 1455 2646 1549 recipiat:
2694 1467 2764 1522 et
2808 1478 3040 1548 parum

827 1581 860 1642 4
896 1587 1039 1642 esso
1075 1510 1387 1641 fluctibtis
1422 1560 1581 1638 solis
1617 1562 1793 1642 vehi.
1831 1565 1982 1632 Jam
2014 1587 2177 1632 vero
2207 1578 2331 1630 neo
2365 1558 2510 1641 vela
2545 1561 2707 1643 satis
2741 1585 2885 1630 esse
2922 1587 3044 1629 ma·

889 1670 1039 1763 Jora
1078 1670 1376 1765 navigiis,
1424 1668 1554 1744 sed
1590 1671 1896 1763 quamvis
1940 1668 2359 1763 amplitudini
2407 1682 2854 1749 antennarum
2906 1670 3041 1737 sin·

893 1774 1064 1870 gulae
1108 1774 1382 1855 arbores
1437 1774 1809 1862 sufficiant,
1858 1799 2058 1870 super
2108 1799 2217 1846 eas
2270 1788 2494 1854 tamen
2535 1773 2687 1846 addi
2736 1773 3036 1845 velorum

891 1881 1018 1962 alia
1063 1880 1238 1965 vela,
1285 1896 1660 1977 praeter-que
1700 1881 1884 1961 alia
1868 1907 1938 1952 m
1977 1884 2233 1977 proris,
2285 1895 2354 1951 et
2397 1880 2524 1953 alia
2581 1882 2650 1951 in
2707 1882 3040 1977 puppibus

891 1989 1128 2083 pandi,
1179 2014 1259 2059 ac
1314 2004 1415 2067 tot
1480 1989 1695 2069 modis
1761 1990 2115 2083 provocari
2168 2002 2478 2067 mortem.
2539 1989 2851 2081 Deniqne
2909 2002 3039 2057 tam

889 2245 1009 2284 mus
1049 2228 1922 2300 lib.v111,oep.38.1²avore

889 2308 1202 2387 Agrippina
1247 2312 1485 2384 AEgypto
1535 2309 1843 2378 profectum
1889 2328 1923 2365 a

888 2389 1111 2442 Nerone
1153 2388 1313 2441 fnisse
1353 2401 1542 2442 auctor
1588 2403 1665 2442 est
1702 2390 1921 2443 Tacitus

887 2466 1089 2523 Annal.
1119 2468 1275 2521 xm.
1296 2468 1541 2522 Babilum
1565 2470 1922 2542 astrologum,

888 2561 951 2604 ut
975 2548 1187 2620 opinor,
1213 2548 1502 2612 Suetonius
1523 2563 1712 2616 voest,
1733 2552 1791 2604 in
1812 2551 1922 2606 Ne-

885 2631 1772 2711 rone.cap.xxxv1.1³raenomenei
1791 2631 1924 2689 Caio
1950 2688 1964 2713 l

886 2709 1008 2762 fuit.
1038 2709 1223 2761 Ηιιυ.
1249 2739 1331 2748 —
1356 2710 1634 2765 Broterius
1666 2730 1729 2763 ex
1738 2691 1917 2764 MSS.

892 2790 1058 2861 Regg.
1087 2787 1331 2841 Bobium.
1366 2789 1472 2843 En.
1771 2805 1778 2819 ¹
1870 2813 1877 2820 ·

972 2871 1025 2923 5.
1095 2868 1283 2924 Gades.
1339 2870 1583 2924 Gronov.
1646 2884 1923 2942 praeunte

888 2950 1172 3014 Pintiano,
1209 2949 1414 3005 Gadots.
1448 2951 1555 3003 En.

970 3031 1130 3088 &Et
1158 3033 1420 3082 citeriorem
1445 3031 1519 3082 Hi
1501 3051 1588 3100 1.sp
1621 3030 1689 3082 Et
1720 3048 1921 3084 merces

887 3130 915 3162 a
948 3110 1194 3164 citeriore
1223 3110 1477 3180 Hispania
1504 3110 1710 3164 Ostiam
1733 3109 1923 3164 afferat

886 3190 975 3244 die
1001 3203 1220 3261 quarto,
1240 3203 1342 3243 etc.
1369 3192 1552 3244 ΗΑιιο.

970 3290 1022 3342 7.
1053 3271 1113 3324 C.
1143 3271 1339 3324 Flac-050.
1370 3272 1450 3324 Ita
1483 3272 1640 3326 MSS.
1680 3291 1866 3325 omnes
1900 3291 1913 3324 ε

887 3369 996 3403 ιιοιι
1018 3350 1218 3402 Flacco.
1237 3351 1291 3403 Is
1309 3370 1420 3404 esse
1434 3352 1659 3404 omnino
1683 3350 1917 3415 videtur,

886 3450 934 3482 c.
962 3449 1112 3483 nsv.
1135 3450 1329 3483 ιιιιιιιε.
1356 3433 1448 3502 qui
1470 3431 1621 3502 prius
1663 3431 1823 3484 fuisse
1849 3433 1917 3484 le·

884 3522 1035 3579 gatus
1100 3523 1433 3580 propraetore
1457 3538 1473 3575 ,
1527 3529 1652 3563 ιιιο.
1707 3530 1912 3565 raoni.

884 3589 1081 3658 legitur
1102 3590 1157 3640 in
1176 3608 1398 3642 nummo
1421 3604 1671 3661 argenteo
1693 3591 1764 3657 Q.
1794 3593 1913 3646 Cae·

883 3668 1059 3739 pionis
1088 3668 1240 3720 Bruti
1282 3669 1417 3740 imp.
1453 3690 1508 3731 Q.
1554 3689 1705 3723 οιιιι».
1749 3689 1910 3725 narr.

883 3765 1005 3800 intr.
1037 3747 1180 3818 apud
1209 3749 1455 3800 Patinum
1487 3750 1541 3802 in
1572 3751 1762 3805 Famil.
1790 3770 1909 3823 pag.

888 3846 910 3880 1
930 3828 1016 3881 13.
1046 3828 1228 3880 Hm».

961 3910 1014 3963 8.
1045 3909 1234 3960 Audax
1269 3911 1405 3972 vita,
1452 3910 1679 3961 scelerum
1712 3912 1860 3980 plena
1888 3953 1903 3974 ,

877 4002 975 4042 etc.
1005 3987 1239 4059 Legend.
1277 4012 1300 4035 ι
1328 3985 1514 4040 Audax
1544 3990 1627 4047 id,
1661 4004 1714 4043 at
1746 3993 1908 4043 scele-

2010 2246 2110 2283 nee
2137 2228 2253 2283 vela
2279 2227 2405 2284 satis
2429 2245 2541 2285 esse
2564 2227 2769 2297 majora
2793 2228 3042 2298 navigiis,

2010 2308 2140 2373 sed,
2190 2321 2292 2364 etc.
2326 2319 2434 2361 tam
2465 2326 2575 2361 non
2607 2307 2710 2360 alte
2743 2308 2812 2360 ab
2853 2309 3041 2361 tellure

2012 2387 2128 2441 tolli
2158 2407 2173 2441 ε
2214 2406 2389 2458 neque
2423 2384 2479 2438 id
2512 2386 2717 2439 viribus
2768 2388 2880 2439 suis
2914 2390 3041 2450 niti,

1970 2463 1979 2485 ‘
2011 2468 2105 2523 sed
2142 2468 2369 2521 fractum
2397 2480 2683 2538 tusamque
2711 2480 2763 2518 et
2788 2467 2845 2518 in
2868 2469 3041 2521 molli-

2012 2550 2140 2609 tiam
2157 2549 2291 2607 1³11(oe
2317 2559 2562 2604 eoactum
2590 2547 2790 2618 injuris
2817 2566 2878 2604 sc
2904 2568 3044 2604 sum-

2014 2650 2098 2684 ma
2112 2627 2334 2687 audacia
2357 2648 2421 2683 eo
2436 2629 2736 2702 pervenire.
2767 2654 2789 2674 ι
2821 2630 3041 2692 Linum,

2012 2710 2218 2782 inquit,
2258 2730 2367 2762 non
2401 2709 2506 2761 suis
2530 2708 2738 2761 viribus
2765 2708 2964 2763 nititur
2985 2723 3040 2761 ut

1970 2791 2196 2842 ‘orbem
2257 2802 2519 2843 terrarum
2587 2789 2732 2841 ultro
2799 2789 3041 2861 citroque

2008 2883 2214 2940 portet,
2237 2869 2330 2924 sed
2354 2889 2420 2925 eo
2439 2869 2683 2941 pervenit
2705 2869 2905 2938 injuria
2927 2871 3041 2931 sui,

2006 2964 2061 3003 et
2089 2952 2368 3005 hominum
2408 2949 2628 3004 audacia
2669 2967 2877 3003 summa
2914 2968 2929 3001 :
2962 2951 3040 3002 in-

2002 3031 2142 3099 jpria
2162 3032 2270 3092 sui,
2296 3027 2441 3102 quod
2463 3029 2754 3100 frangitur,
2769 3028 3040 3092 tunditur,

2007 3123 2060 3162 et
2085 3110 2139 3162 in
2165 3111 2443 3163 mollitiam
2468 3110 2601 3162 lame
2629 3109 2870 3181 rogitur3
2904 3129 3041 3162 sem·

2007 3208 2104 3261 per
2128 3192 2270 3244 enim
2296 3191 2490 3259 injuria
2520 3189 2582 3243 fit
2596 3191 2799 3244 ‘melius
2825 3211 2839 3241 ε
2872 3189 3039 3243 auda·

2005 3271 2085 3324 cia
2113 3289 2320 3324 summa
2344 3270 2628 3324 hominum
2646 3308 2662 3336 ‚
2688 3270 2784 3341 qui
2815 3268 2882 3323 ad
2915 3272 3043 3324 tales

2004 3369 2126 3402 usus
2151 3349 2207 3402 id
2239 3362 2637 3403 converterunt.
2685 3350 2775 3402 Illi
2818 3351 2972 3401 robur
2999 3367 3042 3402 ct

2003 3451 2068 3481 oes
2096 3431 2287 3500 triplex.
2323 3431 2483 3482 Nulla
2515 3429 2808 3483 exsecratio
2838 3432 3042 3483 sufficit

2001 3524 2184 3563 eontra
2207 3512 2536 3563 inventorem
2564 3507 2770 3562 dictum
2794 3525 2894 3562 suo
2917 3512 3043 3563 loco

1999 3591 2173 3642 nobis.
2195 3589 2647 3642 Sume-Audax
2664 3593 2790 3643 vieo.
2812 3590 3042 3655 Audax,

2001 3684 2060 3722 ιιι
2093 3671 2183 3722 ille
2215 3670 2443 3735 cecinit,
2478 3670 2648 3742 Iapeti
2668 3688 2835 3741 genus
2858 3671 2871 3722 ἔ
2898 3671 3044 3723 Nam

2000 3752 2162 3804 vitam
2203 3748 2382 3803 dicere
2428 3769 2529 3821 pro
2567 3750 2877 3803 hominibus
2898 3791 2916 3815 ,
2951 3771 3043 3803 seu

1999 3830 2301 3883 mortalium
2324 3848 2522 3901 genere
2537 3868 2552 3892 ‚
2581 3829 2843 3884 familiare
2858 3831 3045 3883 Plinio

1998 3924 2089 3962 est.
2149 3909 2298 3975 Quid
2349 3911 2441 3962 hie
2489 3910 2772 3963 Salmasius
2824 3926 3012 3964 movet
3029 3953 3042 3973 ‚

1997 3989 2126 4066 dum
2168 4009 2272 4061 pro
2306 3991 2417 4043 acri
2463 4009 2521 4043 ea
2570 3992 2843 4051 oratione,
2897 3992 3041 4044 illud

875 4087 996 4121 rum
1022 4070 1238 4140 plenum
1260 4067 1464 4139 aliquid
1484 4070 1586 4122 seri
1605 4083 1666 4123 ut
1688 4085 1874 4123 ventos
1891 4111 1906 4135 ‚
1987 4072 2166 4139 jacens
2211 4082 2264 4121 et
2310 4069 2624 4141 languidum
2657 4070 2905 4124 obtmdit
2922 4111 2939 4135 ‚
2987 4074 3042 4124 in

877 4149 1133 4215 procellas
1154 4160 1214 4202 ut
1235 4150 1434 4220 capiat,
1460 4169 1559 4203 nec
1588 4170 1774 4221 parum
1795 4170 1905 4205 esse
1994 4150 2163 4203 Solin.
2193 4167 2249 4220 p.
2284 4155 2430 4204 260:

2464 4176 2487 4197 ι
2518 4149 2709 4203 Audax
2733 4149 2790 4203 id
2809 4191 2827 4215 ‚
2853 4164 2907 4205 at
2932 4172 3040 4205 sce-

875 4238 926 4278 et
964 4225 1218 4281 fluctibus
1256 4230 1380 4282 solis
1424 4230 1578 4295 vehi3
1620 4234 1728 4301 jam
1774 4250 1901 4284 vero
1990 4230 2157 4283 lerum
2191 4229 2459 4301 plenum?
2491 4256 2514 4278 ι
2543 4232 2730 4284 nnn.
