3150 5150
837 444 984 568 54'2
1377 481 1454 551 c,
1509 479 1845 552 PL1N11
1902 479 2113 553 ΜΤ.
2171 481 2416 551 msr.

833 639 988 686 cum
1043 613 1207 684 cinis
1251 635 1399 682 uvae
1445 614 1514 684 in
1571 613 1875 684 faucibus
1922 615 2205 684 tumenti
2249 627 2433 684 tactu
2486 613 2797 686 medetur
2836 635 2855 680 ε
2896 633 2957 688 et

833 719 1168 816 parotidas
1209 743 1366 792 cum
1399 718 1593 790 melle
1632 718 1832 793 illitus
1867 721 2209 816 reprimit:
2250 721 2657 814 serpentium
2706 747 2957 794 morsus

833 841 1042 896 sanat.
1086 827 1352 896 Vitium
1409 826 1717 898 brassicae
1768 851 1983 897 unum
2026 841 2095 897 et
2134 849 2451 921 magnum
2498 844 2957 922 argumentum

833 933 1186 1019 addemus,
1231 947 1302 1002 et
1343 931 1659 1004 mirabile.
1690 935 1949 1006 Crustae
1976 933 2030 1004 si
2070 947 2401 1027 occupent
2430 934 2609 1004 intus
2632 957 2797 1006 vasa
2830 961 2959 1006 om·

835 1042 984 1124 nia‚·
1029 1040 1097 1108 in
1143 1039 1387 1134 quibus
1433 1063 1623 1134 aquae
1662 1039 1927 1109 fervent
1980 1042 2049 1110 iu
2102 1053 2398 1126 tantum,
2440 1053 2519 1111 ut
2552 1065 2691 1110 non
2738 1044 2829 1112 sit
2866 1067 2961 1112 eas

835 1144 1122 1215 avellere
1138 1197 1158 1230 ,
1201 1147 1254 1214 si
1291 1144 1581 1216 brassica
1612 1146 1679 1215 in
1712 1145 1791 1216 iis
1824 1145 2259 1240 decoquatur,
2292 1145 2679 1216 abscedunt.

941 1253 1304 1321 XXXVII.
1359 1249 1579 1324 Inter¹
1632 1250 1963 1323 silvestres
2005 1251 2327 1322 brassicas
2360 1265 2431 1321 et
2474 1250 2789 1348 lapsana²
2840 1269 2959 1337 est,

839 1356 1088 1453 pedalis
1151 1356 1548 1444 altitudinis,
1592 1357 1863 1428 hirsutis
1925 1357 2129 1442 foliis,
2186 1359 2341 1453 napi
2402 1355 2789 1444 simillimis,
2852 1363 2961 1432 nisi

837 1463 1183 1534 candidior
1219 1477 1392 1534 essct
1437 1463 1621 1534 flore.
1666 1466 1995 1560 Coquitur
2014 1450 2040 1490 ³
2078 1466 2149 1534 in
2188 1463 2359 1534 cibo.
2400 1463 2649 1535 Alvum
2684 1455 2870 1536 lenit⁴
2906 1483 2965 1537 et

837 1569 1070 1640 mollit.

943 1676 1339 1746 XXXVIII.
1389 1676 1655 1744 Mariua
1675 1674 1692 1699 ¹
1746 1674 2035 1746 brassica
2076 1675 2655 1748 vehementissime
2700 1701 2787 1746 ex
2834 1703 2963 1748 om·

839 1783 1032 1852 nibus
1095 1780 1319 1851 alvum
1379 1782 1530 1852 ciet.
1584 1779 1955 1878 Coquitur'
2018 1797 2293 1877 propter
2342 1785 2783 1854 acrimoniam
2824 1809 2961 1854 cum

839 1889 1068 1984 pingui
1119 1911 1320 1958 carne
1340 1940 1361 1975 ,
1405 1889 1753 1958 stomacho
1790 1887 2258 1958 inimicissima.

947 1997 1273 2065 XXXIX.
1325 1993 1705 2064 Scillarum¹
1752 1995 1819 2064 in
1862 1993 2189 2066 medicina
2223 1993 2373 2065 alba
2412 2008 2511 2066 est
2546 2021 2699 2090 quae
2738 2020 2966 2068 mascu-

841 2101 966 2188 lus,
984 2102 1232 2172 femina
1253 2103 1466 2196 nigra.
1501 2101 1674 2192 Quae
1694 2099 2155 2172 candidissima
2176 2101 2405 2184 fucrit,
2432 2100 2805 2173 utilissima²
2838 2105 2963 2172 erit.

842 2194 1055 2278 Ηιιὶο3
1093 2207 1296 2278 aridis
1345 2207 1587 2278 tunicis
1635 2204 1911 2302 direptis
1950 2193 2175 2301 quod⁴
2214 2205 2539 2302 reliquum
2578 2233 2619 2277 c
2660 2210 2822 2280 vivo
2856 2224 2965 2293 est,

843 2329 1230 2386 consectum
1267 2313 1694 2408 suspenditur
1730 2311 1902 2401 lino,
1943 2299 2255 2384 modicis⁵
2294 2313 2679 2386 intervallis.
2710 2302 2965 2388 Postae‘

923 2513 1211 2566 XXXVII.
1243 2533 1288 2565 r.
1312 2513 1449 2564 Inter
1465 2512 1735 2577 siluestres,
1765 2521 1868 2564 etc.
2036 2507 2300 2563 mlx.
2334 2529 2383 2564 ι.
2411 2507 2607 2566 Sciunt.
2640 2517 2696 2566 in
2724 2516 2963 2577 nundinas,

843 2595 1215 2665 Lampsanam,
1232 2592 1345 2645 sive
1355 2610 1532 2645 ceram
1548 2632 1564 2655 ,
1586 2591 1871 2653 brassicam
1958 2590 2076 2644 alba
2094 2602 2169 2642 est
2190 2610 2300 2663 qua
2320 2592 2577 2647 mendas.
2603 2594 2855 2651 Delibata
2874 2596 2965 2649 hoe

846 2691 1067 2745 quoque
1115 2672 1408 2725 silvestrem
1453 2670 1522 2725 ab
1569 2670 1877 2725 Arcadibus
1954 2671 2063 2743 jam
2094 2668 2369 2739 superiore
2392 2670 2567 2740 libro,
2596 2691 2721 2746 cap.
2756 2674 2849 2729 3ο.
2876 2676 2936 2729 Η.

845 2765 1085 2807 vocatam
1113 2750 1274 2805 fuisse
1301 2750 1487 2803 scribit
1515 2750 1874 2823 Theophrast.
2044 2768 2096 2803 a.
2135 2749 2405 2805 Utilissimo
2429 2755 2539 2805 erit.
2563 2750 2659 2806 Ad
2686 2753 2965 2827 ραι-ιώ

846 2832 984 2886 Hist.
1015 2831 1110 2884 lib.
1135 2830 1242 2895 11,
1265 2848 1386 2902 cap.
1419 2829 1508 2883 15.
1532 2832 1673 2882 Du..
1960 2842 2169 2883 acetum
2196 2829 2483 2885 scillinum.
2512 2833 2653 2887 Du..

933 2932 983 2965 s.
1015 2912 1264 2981 Leptam.
1297 2910 1378 2963 De
1407 2927 1514 2981 qua
1551 2926 1671 2980 sup.
1706 2908 1875 2973 libro,

848 3010 967 3065 cap.
994 2995 1090 3056 41.
1113 2990 1298 3043 Han.
1497 2986 1506 2993 '

933 3072 986 3127 3.
1022 3070 1272 3143 Coquitur.
1303 3070 1374 3123 Et
1399 3065 1602 3132 caulis,
1639 3080 1693 3121 et
1717 3066 1875 3133 folia,

852 3153 1028 3225 inquit
1069 3149 1309 3204 Dioscor.
1365 3148 1454 3213 11,
1513 3154 1643 3213 πάι.
1686 3148 1755 3201 Η.

935 3238 991 3294 4.
1041 3231 1187 3283 laenit
1229 3240 1294 3282 et.
1349 3228 1438 3281 Sic
1476 3240 1530 3282 et
1560 3227 1665 3281 Ch.
1710 3228 1881 3281 leniter

853 3313 1034 3364 emollit
1065 3310 1165 3363 Gr.
1203 3320 1258 3361 et
1287 3307 1418 3361 Alii.
1438 3306 1543 3360 Eu.

932 3388 1251 3443 XXXVIII.
1311 3406 1359 3441 ι.
1413 3387 1616 3441 Matina
1668 3386 1880 3439 bmst‘oa

852 3470 1254 3526 vehementissime
1269 3488 1330 3520 ex
1344 3466 1560 3519 omnibus
1586 3464 1745 3519 alvum
1764 3470 1875 3519 ciet.

854 3551 979 3603 Hac
1003 3546 1226 3603 totidem
1251 3546 1430 3600 verbis
1455 3546 1637 3600 Diosc.
1666 3545 1759 3599 lib.
1789 3546 1846 3599 11
1868 3582 1887 3613 ,

853 3648 970 3699 cap.
1006 3630 1149 3693 1483
1195 3626 1428 3679 Galenus
1471 3626 1605 3699 item
1651 3625 1721 3681 de
1760 3626 1881 3680 Fac.

854 3706 1030 3778 simpl.
1081 3703 1226 3759 med.
1263 3706 1373 3758 vn
1395 3744 1412 3770 ,
1463 3723 1586 3776 pag.
1647 3708 1776 3775 196.
1828 3706 1883 3759 A

856 3786 1080 3843 Lobelio
1106 3783 1344 3855 pingitur
1365 3782 1420 3837 id
1446 3784 1691 3838 brassica
1718 3802 1887 3855 genus

855 3869 910 3921 in
927 3867 1279 3936 Obscumpag.
1301 3869 1432 3932 329,
1453 3863 1613 3934 quale
1640 3864 1695 3917 in
1720 3865 1885 3919 horto

855 3948 1024 4019 Regio
1044 3942 1291 3998 vidimus.
1311 3944 1492 3997 Ham.

943 4048 991 4080 s.
1029 4026 1280 4101 ‚Coquitur
1311 4035 1511 4094 propter
1551 4026 1879 4078 acrimoniam.

856 4106 1052 4161 lisdem
1087 4104 1264 4161 verbis
1289 4104 1534 4159 Dioscor.
1555 4104 1595 4157 1.
1620 4122 1671 4159 c.
1696 4104 1881 4158 Ham).

2043 2908 2099 2963 3.
2122 2908 2273 2963 Huic.
2304 2908 2455 2963 Hane
2484 2910 2656 2983 ipsam
2688 2914 2829 2969 aceti
2860 2914 2966 2969 scil·

1958 2986 2059 3041 lini
2123 2986 2481 3045 concinnandi
2526 2992 2801 3047 rationem
2862 2992 2963 3047 vide

1958 3067 2105 3139 apud
2120 3068 2333 3123 Colum.
2352 3068 2488 3136 ΧΠ,
2506 3070 2611 3139 335
2637 3072 2817 3129 Marc.
2832 3074 2967 3144 Emp.

1960 3164 2079 3221 cap.
2104 3166 2205 3213 xx,
2230 3160 2283 3201 et
2310 3146 2455 3219 apud
2486 3150 2672 3207 Dio-c.
2695 3154 2771 3217 V,
2798 3154 2885 3209 25.
2908 3154 2963 3205 n.

2048 3234 2102 3291 4.
2134 3226 2300 3297 Quod.
2324 3228 2371 3281 E
2400 3228 2616 3298 medio,
2666 3232 2825 3304 qnod
2843 3246 2967 3287 tme-

1960 3307 2101 3375 rius,
2130 3306 2457 3379 interiusque
2490 3322 2588 3365 est.
2626 3311 2803 3365 nan-e.
2828 3314 2965 3384 Emp.

1962 3404 2080 3459 cap.
2102 3404 2296 3440 xxxxv:
2328 3412 2353 3435 ι
2372 3389 2545 3443 Scilla
2568 3390 2759 3457 bulbi,
2786 3393 2967 3464 inquit,

1964 3464 2114 3539 quod
2138 3466 2365 3521 interius
2384 3480 2481 3521 est.
2500 3496 2523 3517 ι
2547 3474 2614 3525 Τὸ
2639 3472 2931 3541 μεσαίτατον
2950 3510 2963 3531 ,

1964 3544 2114 3619 quod
2156 3546 2403 3600 intimum
2452 3561 2530 3602 est
2586 3549 2934 3606 medullitinm
2952 3590 2967 3615 ,

1966 3626 2148 3697 inquit
2170 3625 2410 3681 Dioscor.
2434 3628 2531 3681 lib.
2560 3630 2645 3690 11,
2681 3649 2815 3685 sos.
2840 3632 2904 3685 Η.

2052 3705 2107 3760 5.
2148 3706 2359 3759 Medicis
2396 3709 2681 3763 raamias.
2736 3712 2836 3765 11.
2872 3708 2967 3765 die·

1968 3788 2087 3840 bus.
2117 3784 2295 3841 Diosc.
2313 3784 2497 3843 lino.

2052 3870 2105 3919 6.
2133 3863 2311 3917 Postea
2342 3867 2487 3919 ιιι-ἰὼ
2508 3866 2687 3933 frusta
2730 3874 2783 3923 in
2822 3869 2967 3921 oad-

1968 3949 2121 4009 aoeu‘,
2154 3956 2259 3999 etc.
2292 3946 2359 3999 In
2394 3948 2587 4003 umbra
2618 3950 2831 4004 siccata.
2862 3950 2967 4001 Huc

1969 4024 2193 4080 totidem
2218 4025 2398 4081 verbis
2436 4028 2619 4085 Diosc.
2658 4030 2697 4084 l.
2734 4049 2789 4084 ο.
2816 4028 2967 4083 secus

1971 4104 2186 4160 taleolas
2216 4120 2369 4161 vocat
2392 4107 2607 4164 Colum.
2636 4110 2745 4163 111
2760 4147 2783 4179 ,
2806 4107 2893 4164 33.
2910 4106 2967 4159 Η.
