3150 5150
1346 490 1425 556 c,
1480 488 1830 557 PL1N11
1885 486 2104 557 NAT.
2161 487 2412 557 msT.
2459 430 2470 439 ’

804 646 889 691 ne
912 620 1230 690 frumenti
1266 618 1518 689 radices
1548 618 1886 690 suffodiat.
1901 620 2224 690 Triticum
2243 618 2646 709 ,hot-deum,
2689 647 2908 709 semen,

801 728 1025 797 fabam
1065 725 1167 796 bis
1206 728 1446 795 sarrire
1452 712 1756 795 ⁶melius.
1791 726 2169 797 Runcatio⁷
2175 780 2196 813 ,
2222 751 2430 821 quum
2459 751 2643 821 seges
2673 729 2740 796 in
2773 732 2906 799 arti·

802 820 990 905 culo⁸
1020 847 1155 917 est,
1200 830 1443 903 evulsis
1480 831 1824 903 inutilibus
1855 831 2126 918 herbis,
2175 832 2444 928 frugum
2483 832 2764 903 radicem
2787 837 2908 903 vin·

800 938 1016 1027 dicat,
1058 953 1479 1035 segetemque
1514 938 1830 1009 discernit
1864 961 1903 1006 a
1941 938 2212 1034 cespite.
2243 940 2720 1033 Leguminum⁹
2760 942 2910 1011 cicer

800 992 1033 1115 eaderii
1057 1096 1077 1129 ,
1138 1068 1285 1139 quae
1329 1045 1463 1127 far,
1510 1044 1862 1114 desiderat.
1909 1045 2095 1114 ‘Faba
2147 1044 2440 1114 runcari'
2525 1070 2660 1115 non
2701 1050 2904 1141 gestit:

800 1152 1113 1247 quoniam
1152 1152 1397 1221 evincit
1432 1150 1673 1221 herbas
1701 1149 2032 1246 lupinum,
2065 1166 2387 1221 runcatur
2407 1150 2452 1175 ¹¹
2489 1165 2764 1222 tantum.
2791 1154 2902 1222 Mi-

800 1256 996 1342 lium,
1042 1269 1111 1326 et
1148 1257 1459 1352 panicum
1494 1270 1806 1341 occatur,
1835 1272 1905 1327 et
1937 1258 2260 1327 sarritur.
2291 1282 2430 1327 non
2472 1259 2764 1340 iteratur,
2795 1284 2908 1329 ιιοιι

802 1378 1154 1433 runcatur:
1184 1360 1451 1433 silicia¹²
1472 1378 1541 1433 et
1565 1362 1796 1435 faseoli
1833 1378 2158 1495 occantur
2187 1378 2471 1433 tantum.
2505 1366 2675 1433 Sunt
2697 1390 2908 1459 genera

810 514 961 584 272

803 1485 1034 1558 terrai,
1072 1494 1357 1565 quarum
1400 1470 1670 1539 ubertas
1712 1468 2080 1565 pectinari¹
2087 1456 2438 1565 ³segetem
2475 1471 2544 1541 in
2584 1470 2784 1541 herba
2815 1496 2906 1541 co·

802 1590 916 1671 gat
956 1574 1200 1669 (cratis
1230 1590 1298 1645 et
1335 1577 1467 1645 hoc
1502 1600 1756 1670 genus,
1791 1576 2080 1647 dentatae
2117 1574 2277 1645 stilis
2312 1570 2641 1665 ferreis):
2677 1576 2906 1647 eadem-

801 1706 931 1776 que
981 1681 1411 1753 nihilominus
1470 1697 1539 1752 et
1596 1668 2128 1778 depascuntur&
2207 1685 2377 1771 Quae
2425 1682 2698 1778 depasta
2739 1698 2904 1767 sunt,

800 1883 1087 1938 bosislocis
1109 1896 1323 1940 tantum
1344 1880 1786 1937 essefaciendum.
1801 1908 1822 1931 ι

802 1964 985 2017 nino.

882 2050 933 2097 6.
962 2042 1151 2096 Fabam
1172 2042 1251 2095 bis
1263 2042 1457 2095 sarrit-e.
1470 2042 1582 2095 Ter
1601 2040 1830 2095 sarrien-

802 2123 926 2177 dam
954 2136 1137 2177 monet
1164 2122 1540 2187 Columellu,l.
1566 2123 1711 2186 11,c.
1737 2138 1761 2174 ι
1777 2140 1828 2186 a,

800 2221 926 2275 pag.
958 2206 1052 2257 66.
1083 2200 1374 2267 Palladius,
1401 2202 1483 2255 bis
1505 2222 1518 2253 z
1543 2201 1642 2255 lib.
1671 2202 1727 2253 11
1771 2200 1828 2253 in

798 2284 921 2336 Jan.
950 2282 1033 2336 tit.
1061 2302 1115 2351 9.
1144 2277 1327 2335 Banu.

880 2382 937 2433 7.
965 2362 1220 2414 Rus-carim
1248 2360 1576 2425 Columella,
1606 2358 1704 2412 lib.
1731 2358 1789 2411 11
1809 2396 1826 2423 ,

800 2460 919 2513 cap.
966 2458 1029 2493 ιι
1057 2457 1071 2494 :
1095 2438 1517 2510 «Subiungenda
1556 2437 1827 2492 sarritioni

799 2520 1043 2575 runcatio
1061 2560 1075 2583 ,
1100 2532 1200 2574 etc.
1223 2544 1247 2565 ι
1280 2520 1361 2573 De
1380 2518 1694 2572 runcatione
1715 2516 1828 2571 dixi

802 2621 919 2675 cap.
952 2601 1044 2656 38.
1069 2597 1254 2651 Hsun.

881 2682 936 2735 8.
966 2679 1127 2750 Quum
1151 2691 1284 2747 seges
1312 2679 1362 2729 in
1389 2679 1611 2730 articulo.
1641 2676 1828 2741 Quum

800 2759 1011 2832 segesin
1034 2757 1316 2812 articulum
1334 2757 1482 2822 ierit,
1504 2769 1565 2810 ιιι
1586 2756 1827 2828 loquitur

800 2839 1131 2902 Columella,
1162 2835 1268 2890 loe.
1292 2835 1383 2888 cit.
1410 2837 1513 2890 hoc
1536 2847 1638 2900 est,
1659 2855 1826 2908 quum

796 2917 1003 2973 nodum
1030 2914 1232 2972 fecerit.
1261 2915 1463 2968 Plinius
1489 2915 1604 2986 ipse
1639 2934 1826 2987 supra.

800 3017 919 3070 cap.
948 2997 1017 3062 45
1046 3019 1061 3051 ι
1094 3023 1117 3046 ι
1139 2995 1269 3049 siin
1281 2994 1564 3050 articulum
1583 3013 1729 3066 seges
1747 2995 1826 3050 ire

802 3077 1038 3151 coeperit.
1062 3103 1085 3126 ι
1123 3077 1308 3130 ΗΑιιι).

878 3181 930 3228 9.
952 3159 1264 3230 Leguminum
1282 3159 1408 3208 cicer
1428 3155 1594 3206 eadem
1615 3173 1724 3227 quoe
1734 3155 1828 3222 sur

798 3239 1057 3292 desiderat.
1100 3237 1241 3290 Faba
1268 3272 1285 3300 ,
1338 3253 1449 3288 non
1492 3237 1588 3302 sar
1605 3274 1621 3298 ,
1676 3248 1827 3288 vetus

800 3319 1087 3390 exemplar.
1117 3319 1277 3370 Ριιιτ.

888 3417 971 3452 ιο.
990 3397 1132 3449 Faba
1160 3399 1371 3450 runcari.
1390 3395 1503 3449 Cur
1518 3411 1684 3464 porro
1705 3393 1824 3446 faba

800 3477 1011 3531 runcari
1042 3493 1152 3530 non
1180 3475 1397 3546 gestiat,
1424 3475 1482 3527 in
1512 3491 1668 3526 causa
1707 3484 1786 3526 est
1809 3511 1826 3540 ,

800 3558 974 3628 inquit
1004 3555 1330 3620 Columella,
1354 3555 1449 3607 lib.
1474 3553 1528 3605 11
1544 3591 1560 3618 ,
1582 3571 1699 3621 cap.
1732 3570 1821 3617 η,

798 3656 865 3690 ex
892 3637 1057 3689 Corn.
1082 3633 1221 3687 Celsi
1244 3633 1499 3686 sententia
1516 3670 1532 3697 ,
1555 3629 1702 3704 quod
1741 3632 1824 3683 in-

798 3727 1015 3771 ternata
1038 3713 1218 3766 herbe
1240 3729 1359 3764 sero
1376 3724 1730 3780 reserventur.
1747 3711 1822 3764 At

799 3793 1097 3852 Columella
1120 3789 1363 3862 frugibus
1375 3789 1457 3842 his
1478 3789 1687 3844 detrahi
1706 3789 1820 3860 plu·

796 3877 996 3930 timum
1011 3870 1222 3936 scribit,
1238 3869 1283 3922 si
1298 3869 1541 3922 runcatio
1568 3867 1820 3940 relinqui·

798 3968 901 4009 tur.
920 3985 1001 3998 —-
1030 3951 1189 4006 Faba.
1211 3949 1415 4002 Locum
1442 3948 1590 4001 hunc
1617 3947 1692 4000 sic
1733 3947 1817 3999 iu-

796 4033 1194 4126 terpuuximus,
1215 4027 1433 4084 adducti
1456 4041 1567 4081 tum
1595 4045 1652 4080 re
1673 4026 1818 4099 ipsu,

794 4128 905 4168 tum
944 4113 1260 4185 scriptorum
1301 4121 1541 4163 veterum
1587 4105 1819 4161 auctori·

1917 1896 2040 1937 tate.
2071 1882 2364 1937 Columella
2397 1884 2570 1950 enim,
2591 1884 2629 1937 l.
2655 1884 2796 1952 11,e.
2817 1902 2903 1939 ts:

1921 1987 1944 2010 ι
1973 1962 2211 2033 Excepto
2254 1962 2446 2032 lupino
2475 2002 2492 2028 ,
2532 1962 2742 2036 inquif,
2781 1968 2906 2035 cujus

1909 2042 2101 2095 semini
2130 2042 2392 2095 contraria
2421 2055 2500 2095 est
2523 2044 2730 2097 sarr-itio
2756 2062 2906 2117 :quo-

1911 2121 2060 2173 niam
2099 2137 2259 2173 nuum
2303 2120 2540 2174 radicem
2579 2122 2736 2177 habet
2751 2163 2767 2187 ,
2805 2142 2906 2195 qut

1912 2200 2023 2254 sive
2036 2200 2182 2253 ferro
2192 2200 2390 2255 succisa
2408 2214 2484 2254 est
2497 2240 2514 2265 ,
2527 2220 2626 2256 seu
2651 2204 2908 2267 vulnerata,

1917 2292 2059 2333 totus
2073 2280 2246 2333 frutex
2267 2281 2545 2336 emoritur.
2561 2280 2722 2348 Quod
2740 2282 2908 2337 etiamsi

1913 2377 2022 2412 uon
2041 2358 2194 2413 fieret
2207 2396 2224 2424 ,
2237 2377 2602 2431 supervacuus
2619 2374 2784 2415 tamen
2799 2374 2908 2415 esset

1913 2439 2089 2491 cultus
2105 2480 2123 2501 ,
2168 2456 2336 2509 quum
2375 2440 2485 2492 sola
2513 2440 2632 2495 hcc
2679 2460 2758 2495 res
2797 2440 2908 2495 adeo

1911 2536 2022 2571 non
2043 2518 2322 2572 infestetur
2340 2519 2520 2573 herbis
2537 2560 2555 2588 ,
2581 2534 2641 2575 ut
2661 2522 2791 2594 ipsas
2806 2522 2906 2575 her·

1910 2598 2004 2653 bas
2027 2599 2276 2670 perimat.
2299 2623 2322 2644 ι
2353 2599 2623 2655 Palladius
2645 2601 2699 2654 in
2717 2601 2908 2654 Januar.

1909 2677 2006 2732 lib.
2029 2679 2085 2730 11
2101 2716 2119 2743 ,
2141 2679 2225 2731 tit.
2259 2698 2291 2747 9
2321 2698 2334 2731 ι
2366 2704 2389 2727 ι
2405 2679 2652 2752 Lupinus
2668 2699 2811 2745 vero,
2831 2681 2906 2752 qui

1909 2775 2072 2810 unum
2099 2757 2333 2812 radicem
2359 2758 2546 2825 habet,
2561 2761 2605 2812 si
2625 2762 2909 2822 sarculetur,

1909 2838 2262 2908 exstinguitur
2283 2854 2298 2890 ι
2322 2837 2472 2909 quod
2501 2857 2604 2893 nec
2631 2837 2904 2894 desideras:

1909 2916 2034 2988 quia
2063 2918 2255 2970 herbas
2301 2932 2493 2989 proter
2525 2920 2781 2972 auxilium
2813 2920 2908 2972 cul-

1909 2996 2042 3049 toris
2072 2995 2274 3068 affligit.
2299 3021 2320 3044 ι
2357 2997 2444 3051 Sic
2478 2998 2632 3052 locus
2675 2999 2760 3052 ille
2782 3000 2908 3070 prius
3007 2995 3014 3002 ’

1905 3075 2212 3146 legebatur,
2255 3088 2316 3128 ut
2359 3096 2419 3130 ea
2469 3079 2666 3146 verba,
2713 3082 2910 3150 quonian

1907 3159 2079 3208 evincit
2123 3156 2295 3208 herbas
2309 3195 2326 3222 ‚
2371 3156 2544 3229 priori
2597 3158 2908 3230 affigerentur

1907 3235 2212 3301 sententio,
2243 3253 2361 3308 quo
2387 3236 2455 3290 de
2487 3237 2612 3292 faba
2643 3252 2733 3292 est.
2761 3239 2825 3292 Η.

1994 3333 2017 3367 ι
2035 3332 2058 3366 ι
2072 3352 2085 3366 .
2109 3315 2362 3368 Runeutm·
2378 3329 2582 3371 tantum.
2601 3319 2725 3373 Non
2757 3336 2909 3371 urcu-

1903 3393 2062 3446 latur.
2087 3392 2272 3448 Haun-

1995 3492 2085 3526 η.
2115 3473 2304 3528 Sila-ia.
2338 3473 2453 3529 Hoc
2475 3489 2555 3530 est
2585 3479 2766 3530 fenum
2799 3494 2915 3548 grie·

1907 3571 2031 3606 cum
2050 3593 2067 3617 ,
2094 3552 2163 3606 de
2189 3573 2300 3625 quo
2323 3573 2441 3626 cap.
2473 3557 2566 3626 39.
2599 3553 2784 3610 nnn.

1992 3631 2080 3686 ι3.
2113 3633 2380 3688 Pertinet-i.
2401 3637 2630 3690 Dentuta
2659 3647 2796 3690 crate
2813 3636 2910 3706 agi-

1903 3711 2022 3764 tari.
2053 3710 2308 3778 Ovidius,
2335 3733 2366 3768 a
2396 3713 2630 3786 quodam
2659 3716 2836 3770 citatus
2865 3716 2910 3766 in

1901 3790 2041 3844 lianc
2067 3810 2178 3846 rem
2191 3811 2208 3846 ι
2225 3819 2246 3842 ι
2259 3794 2328 3846 Ει
2344 3807 2548 3848 tonsam
2577 3815 2702 3850 raro
2719 3795 2912 3866 pectine

1901 3871 2070 3923 verrit
2098 3871 2388 3926 humum.·
2425 3871 2610 3928 Haut).

1992 3967 2014 4002 1
2027 3956 2080 4013 4.
2130 3951 2454 4006 Nihilominus
2497 3967 2546 4006 et
2591 3956 2911 4026 depascuntur.

1905 4027 2188 4096 Immissis,
2226 4044 2287 4084 ut
2320 4031 2520 4088 dictum
2557 4047 2674 4100 est,
2711 4034 2764 4088 in
2801 4051 2910 4088 arva

1907 4107 2219 4179 pecudibus.
2250 4109 2429 4166 ΗΑιιυ.
2831 4127 2840 4138 ·
