3150 5150
1029 588 1342 656 LIBER
1399 588 1647 654 xvll.
2306 586 2393 666 [ιι

341 719 702 787 xl11.Et
733 715 912 786 aliud
957 718 1196 812 genus¹
1239 718 1447 789 simile
1489 734 1727 788 natura
1764 711 2185 805 monstravit,
2222 714 2403 784 avul-
2450 743 2471 776 ι

265 826 456 917 sique
503 823 854 892 arboribus
899 823 1233 894 stolones²
1275 827 1514 894 vixere.
1555 825 1764 913 Quo
1749 849 1817 892 ιιι
1860 847 2101 916 genere
2140 836 2207 890 et
2252 846 2403 892 cum

267 915 522 1023 perna³
560 954 678 998 sua
714 928 1134 1016 avelluntur,
1161 946 1550 1026 partemque
1580 929 1865 1066 aliquam
1896 955 1933 998 e
1970 929 2199 998 matris
2236 953 2407 1023 quo-

267 1061 406 1128 que
477 1060 759 1164 corpore
817 1035 1130 1106 auferunt
1177 1062 1400 1108 secum
1467 1023 1839 1108 fimbriato⁴
1902 1059 2203 1130 corpore.
2262 1038 2410 1104 Hoc

265 1127 514 1210 modo⁵
568 1141 968 1265 plantantur·
998 1144 1294 1238 punicae,
1329 1143 1569 1239 coryli,
1614 1141 1812 1229 mali,
1855 1140 2075 1226 sorbi‚
2122 1139 2409 1235 mespili,

269 1247 542 1335 fraxini,
579 1248 727 1335 fici,
765 1250 832 1316 in
869 1251 1229 1379 primisque
1272 1251 1460 1320 vites.
1496 1252 1875 1320 Cotoneum
1913 1249 2005 1317 ita
2040 1262 2255 1316 satum
2298 1247 2409 1315 de·

269 1369 564 1446 generat.
588 1357 692 1422 Ex
707 1339 983 1425 eodem⁶
1009 1357 1355 1427 inventum
1381 1371 1482 1426 est
1509 1354 1811 1426 surculos
1831 1354 2152 1424 abscissos
2173 1378 2407 1424 serere.

271 1463 424 1528 Hoc
468 1460 723 1555 primo⁷
761 1463 934 1556 sepis
973 1486 1170 1532 causa
1222 1463 1513 1551 factum,
1565 1463 1935 1548 sambucis,
1982 1474 2299 1545 cotone0‚
2343 1475 2411 1528 et

273 1567 462 1636 rubis
495 1566 830 1687 depactis.
869 1593 1026 1638 mox
1057 1583 1126 1638 et
1154 1555 1468 1654 cultum,
1507 1583 1587 1638 ut
1619 1566 1925 1664 populis,
1965 1565 2166 1654 alniS‚
2193 1565 2410 1650 salici,

269 1697 424 1765 quie
461 1671 618 1744 vel
602 1697 866 1743 inverso
895 1662 1659 1754 surculo⁸seritur21am
1692 1699 1785 1744 eae
1826 1674 1913 1742 ibi
1943 1673 2412 1767 disponuntur,

269 1777 388 1846 ubi
431 1778 634 1848 libeat
685 1805 828 1850 esse
883 1803 1012 1850 eas.
1070 1782 1528 1870 Quamobrem
1586 1781 1913 1852 seminarii
1971 1803 2201 1850 curam
2256 1793 2411 1848 ante

269 1887 588 1955 convenit
611 1885 778 1970 dici,
809 1911 1006 1981 quam
1041 1902 1414 1958 transeatur
1447 1887 1532 1957 ad
1563 1887 1689 1956 alia
1722 1911 1984 1982 genera.

375 1993 570 2060 XIV.
616 1991 921 2086 Namque
963 1993 1046 2062 ad
1090 1993 1189 2062 id¹
1250 1995 1658 2090 praecipuum
1714 1993 1869 2088 eligi
1920 1991 2133 2062 solum
2170 1991 2404 2076 refert,
2456 2018 2477 2052 ι

269 2099 588 2200 quoniam
619 2100 944 2178 nutricem
963 2097 982 2122 ²
1025 2097 1574 2194 indulgentiorem
1622 2124 1793 2178 esse,
1844 2123 2047 2193 quam
2090 2112 2367 2167 matrem
2396 2151 2415 2182 ,

351 2311 510 2364 XIII.
567 2334 614 2365 ι.
647 2313 721 2364 Et
755 2313 897 2366 aliud
927 2333 1095 2384 genus.
1139 2314 1304 2379 Quod

273 2391 374 2442 ἀπὸ
399 2389 740 2461 caputiatos
758 2393 1107 2464 Theophrast.
1123 2407 1275 2460 vocat
1288 2433 1304 2460 ‚

1475 2318 1528 2368 6.
1561 2315 1649 2366 Ea·
1673 2314 1849 2367 eodem.
1882 2313 1963 2365 Ex
1990 2324 2245 2378 cotoneo,
2271 2309 2417 2381 quod

1392 2393 1524 2447 talea
1556 2411 1773 2465 quoque
1805 2407 1857 2446 et
1888 2392 2163 2446 cacumine
2186 2389 2367 2443 deciso
2386 2409 2417 2442 e

275 2471 476 2524 Hister.
505 2471 604 2524 lib.
637 2472 692 2524 11
710 2511 727 2536 ‚
764 2491 882 2544 cap.
934 2491 956 2528 ι
982 2513 998 2538 ,
1027 2474 1304 2527 avulsione

273 2549 548 2605 stolonum
563 2590 580 2616 ‚
600 2551 714 2605 sive
729 2571 759 2605 a
777 2551 984 2617 radice,
1001 2553 1114 2607 sive
1133 2573 1166 2609 a
1189 2573 1307 2609 cor-

275 2648 426 2699 pore.
465 2631 732 2697 Quartum
777 2631 834 2685 id
869 2632 1085 2686 serendi
1137 2654 1304 2705 genus

273 2728 436 2781 supra
463 2723 838 2764 memoratum.
867 2715 914 2765 A
946 2714 1180 2785 Virgilio
1225 2728 1304 2769 ta-

271 2802 454 2855 ctum,
479 2790 728 2861 Georgic.
762 2793 850 2857 11,
891 2812 966 2845 vs.
1002 2793 1117 2846 23:
1159 2793 1304 2846 ..Hic

273 2870 482 2939 llantas
513 2882 694 2922 tenero
733 2871 1046 2925 abscindens
1084 2871 1156 2925 de
1184 2892 1303 2927 cor-

271 2967 406 3018 pore
429 2961 664 3002 matrum
688 2951 946 3022 Deposuit
969 2952 1198 3005 sulcisn·
1232 2952 1300 3005 Η.

356 3047 413 3081 a·
461 3029 728 3101 Aoni-sique
773 3030 1022 3084 arboe-ebus
1065 3032 1303 3097 stolones,

273 3121 374 3159 etc.
399 3100 516 3161 Ano
537 3104 874 3179 παρασπαδος
893 3110 1304 3182 Theophrastus,

275 3187 408 3240 uisa.
436 3188 534 3239 lib.
557 3189 614 3240 11
629 3206 786 3259 ‚.cap
821 3190 954 3243 1-1n
979 3209 1174 3260 genere
1201 3203 1306 3244 sto·

273 3266 422 3319 lones
443 3267 534 3320 hic
563 3280 670 3321 tam
704 3267 883 3321 adnati
911 3269 1104 3333 radici,
1143 3288 1302 3342 quam

275 3346 470 3399 revulsi
499 3364 532 3399 a
559 3348 743 3403 matris
763 3366 1006 3419 corpore.
1025 3350 1300 3421 Theophr.

277 3426 587 3497 φυτευτήρια.
617 3429 825 3481 Βιιισ.

358 3506 413 3558 3.
447 3507 574 3560 Cum
609 3526 786 3576 perna.
827 3510 967 3561 Cum
1003 3522 1160 3579 parte
1185 3527 1302 3563 cor-

277 3586 446 3653 poris.
472 3604 566 3639 seu
597 3586 994 3658 matricis,quae
1020 3589 1093 3641 sic
1121 3590 1303 3643 avulsa

279 3682 452 3731 perna
469 3664 872 3719 similitudinem
891 3668 1068 3721 babet.
1091 3670 1303 3723 Calcem

282 3742 416 3796 idem
444 3746 564 3815 ipse
593 3746 854 3815 appellat,
878 3766 994 3818 cap.
1022 3749 1116 3801 35.
1154 3748 1222 3801 Η.

359 3829 410 3884 4.
449 3824 743 3878 Fimbriam.
786 3825 910 3880 Sive
937 3827 1163 3892 fibrato,
1199 3828 1303 3880 hoc

284 3914 354 3953 est
367 3922 514 3967 ,cum
530 3904 851 3975 quibusdam
875 3905 1114 3959 radicum
1137 3908 1302 3961 fibris,

283 3981 628 4053 Theophrast.
657 3984 856 4039 Hister.
883 3984 978 4039 lib.
998 3988 1082 4051 ΙΙ,
1107 4006 1222 4059 cap.
1241 4006 1271 4057 7
1290 4029 1304 4051 ‚

281 4064 364 4113 ὕ.-
351 4062 522 4131 ἰρῥιζα.
553 4062 736 4117 Haut).

363 4144 412 4194 5.
459 4143 570 4195 Hoc
599 4144 742 4196 modo
765 4145 1055 4213 plantantur
1076 4150 1269 4216 punica·
1291 4186 1305 4209 ‚

289 4232 390 4274 etc.
413 4222 844 4295 'lbeophrastus,
879 4225 976 4278 loc.
1011 4228 1098 4279 eit.
1124 4227 1304 4279 nixu.

1387 2475 1579 2536 ramis,
1602 2487 1771 2526 satum
1795 2470 2057 2544 provenit.
2076 2472 2179 2524 Hic
2198 2470 2419 2542 quintus

1389 2550 1601 2608 serendi
1626 2551 1819 2609 modus
1849 2571 1879 2607 e
1910 2570 1999 2607 sex
2032 2550 2277 2624 superius
2304 2549 2419 2603 lau-

1389 2631 1540 2687 datis.
1572 2633 1849 2705 Theophr.
1873 2634 2009 2685 Hist.
2036 2631 2133 2685 lib.
2157 2632 2239 2696 11,
2266 2649 2314 2684 c.
2356 2647 2377 2681 1
2404 2668 2419 2691 ,

1387 2714 1491 2767 ἀπὸ
1513 2715 1711 2775 κλεινός.
1726 2712 1877 2784 Virg.
1892 2713 2089 2782 Georg.
2109 2712 2164 2763 11
2177 2716 2199 2779 ‚'
2214 2730 2293 2764 vs.
2314 2712 2382 2765 28
2403 2727 2415 2760 ε

1391 2816 1411 2835 ·
1430 2794 1518 2846 Nil
1545 2791 1743 2845 radicis
1768 2805 1923 2862 egent
1948 2791 2094 2856 alim
2126 2808 2420 2844 summum·

1389 2891 1492 2945 que
1518 2884 1734 2944 putator
1756 2870 1912 2923 Haud
1936 2869 2147 2923 dubitat
2174 2883 2324 2923 terrae
2344 2888 2425 2921 re·

1389 2953 1565 3005 ferens
1590 2950 1841 3004 mandare
1868 2968 2147 3004 cacumen.
2172 2976 2193 2997 ιι
2220 2946 2417 3002 Pallad.

1389 3031 1446 3084 in
1475 3020 1516 3085 1⁸⁴
1519 3033 1633 3084 ebr.
1661 3032 1745 3084 tit.
1772 3029 1841 3083 de
1860 3031 2039 3083 Malo:
2071 3055 2094 3077 ι
2118 3031 2315 3081 Serunt
2331 3028 2423 3079 ali·

1389 3112 1480 3182 qui
1496 3124 1779 3165 cotoneum
1802 3108 2169 3163 cacuminibus
2186 3121 2238 3161 et
2258 3108 2419 3160 talea:

1389 3190 1482 3243 sed
1519 3189 1701 3244 tardus
1728 3200 1807 3243 est
1842 3190 1901 3242 in
1938 3202 2163 3258 utroque
2190 3204 2423 3257 proven·

1389 3284 1490 3324 tus.
1521 3295 1544 3318 ι
1586 3270 1767 3323 Hum-

1473 3369 1528 3419 7.
1557 3350 1673 3401 Hoc
1696 3353 1871 3419 primo.
1897 3347 2301 3418 Theophrastus
2317 3385 2333 3411 ,
2354 3345 2424 3399 de

1391 3432 1549 3482 Caus.
1575 3429 1667 3482 lib.
1692 3430 1719 3480 1
1742 3467 1759 3494 ,
1779 3446 1896 3499 cap.
1938 3446 1990 3480 1.
2019 3424 2208 3478 Hiran.

1465 3496 1524 3563 r8.
1557 3509 1654 3560 Vel
1670 3512 1853 3561 inverso
1880 3507 2087 3559 amulo.
2119 3507 2199 3558 lta
2224 3518 2285 3558 ut
2304 3524 2426 3576 pars

1389 3588 1743 3642 acuminatior
1772 3588 1830 3640 in
1852 3600 2043 3641 terram
2073 3584 2332 3639 abdatur:
2356 3587 2421 3645 εἰς

1391 3670 1673 3723 sivein-azur
1724 3669 1941 3721 τίθεσθαι
1975 3666 2205 3739 appellat
2242 3665 2425 3717 Theo-

1392 3750 1593 3820 phrast.
1625 3748 1762 3801 nist.
1795 3748 1889 3799 lib.
1920 3747 2009 3809 11,
2038 3764 2155 3817 cap.
2190 3746 2248 3799 8.
2270 3744 2339 3797 H.

1473 3830 1625 3881 xlv,
1668 3847 1717 3881 1.
1754 3828 1973 3898 Namque
2000 3828 2069 3878 ad
2092 3826 2161 3879 id.
2188 3824 2425 3878 Semina·

1397 3910 1562 3972 rium,
1596 3909 1708 3961 sive
1740 3908 2075 3979 plantarium.
2124 3906 2307 3957 Ηιιιι).
2344 3936 2424 3947 —-

1397 3990 1520 4041 Vet.
1549 3986 1693 4059 apud
1720 3987 1899 4041 Dalec.
1935 4013 1957 4033 ι
1982 3986 2225 4054 Namque
2258 3995 2310 4035 et
2334 3984 2425 4035 hic

1399 4067 1667 4139 principio
1700 4068 1821 4137 eligi
1848 4066 2017 4119 solum
2062 4064 2241 4115 refert.
2262 4087 2283 4107 a
2318 4063 2425 4115 En.

1481 4167 1532 4199 a.
1567 4148 1811 4215 Quoniam
1842 4148 2086 4196 'eutr-icem.
2132 4142 2323 4199 Mirix
2366 4162 2425 4193 ea

1398 4226 1549 4280 tellus
1582 4226 1901 4296 appellatur,
1944 4224 2031 4276 cui
2076 4223 2312 4292 primum
2348 4240 2429 4273 sc-
