3150 5150
984 487 1295 555 LIBER
1342 489 1523 555 XX.

2197 488 2335 586 573

170 615 401 686 ctos¹⁴
444 634 675 712 partus
712 619 907 712 ejicit.
938 605 1246 689 Semen¹⁵
1285 619 1895 690 obmutescentibus
1931 621 2177 692 olfactu
2222 625 2404 695 ad-3

172 740 524 794 movetur.
566 725 1075 795 comitialibus
1058 750 1125 794 in
1168 740 1357 796 aceto
1388 727 1610 820 cyathi
1655 751 1962 796 mensura
2003 729 2218 799 datur.
2264 733 2334 802 Si

171 830 425 925 aquae¹
429 817 859 901 ⁶insalubres
896 832 1196 901 bibendae
1230 833 1398 916 sint,
1439 834 1668 900 tritum
1709 836 2097 929 aspergitur.
2145 837 2336 907 Salsi-

174 936 526 1006 tudines¹⁷
566 941 898 1034 corporiS‚
938 940 991 1007 si
1038 963 1189 1008 cum
1228 939 1386 1006 vino
1416 937 1736 1021 tradatur,
1779 941 2033 1010 minuit.
2087 946 2334 1012 Nervo·

176 1069 344 1112 run]
366 1029 415 1067 ⁸

460 1068 692 1128 causa,
737 1059 805 1113 et
842 1047 911 1112 in
961 1046 1453 1130 contractione,
1509 1069 1662 1113 cum
1714 1045 1846 1114 sale
1889 1061 1957 1115 et
1999 1063 2226 1130 acet0‚
2270 1065 2338 1119 et

174 1149 389 1218 melle
437 1150 843 1220 confricatur
870 1153 939 1218 in
969 1151 1419 1245 opisthotono,
1462 1149 1783 1219 Bibitur'⁹
1813 1151 1910 1220 ad·
1925 1157 2332 1249 serpentium

176 1257 362 1324 ictus
394 1256 744 1327 decoctum
776 1283 791 1325 :
826 1257 910 1324 ad
944 1260 1367 1351 scorpionum
1398 1258 1554 1325 etin
1587 1258 1741 1325 vino
1774 1260 2024 1346 tritum,
2053 1264 2335 1331 maxime

177 1362 371 1455 quod
409 1364 479 1430 in
515 1364 705 1432 siccis
730 1365 1041 1432 nascitur.
1069 1363 1170 1431 Ad
1204 1365 1338 1432 oris
1367 1361 2074 1450 exhulcerationes,ad
2105 1371 2334 1437 tussim

176 1468 437 1538 efficax
478 1469 763 1537 habetur
779 1470 830 1496 ²⁰

834 1521 848 1537 .
895 1468 1045 1538 Flos
1082 1470 1363 1538 recentis
1407 1470 1750 1554 incensus,
1793 1473 2044 1565 pulices
2067 1476 2110 1501 ’¹
2143 1490 2336 1544 necat

180 1573 422 1643 odore.
480 1577 952 1645 Xenocrates²²
997 1573 1241 1670 pulegii
1292 1600 1549 1643 ramum
1599 1575 1748 1644 lana
1791 1575 2205 1661 involutum,
2266 1583 2333 1650 in

182 1682 493 1750 tertianis
524 1697 677 1750 ante
707 1684 1147 1751 accessionem
1186 1679 1636 1751 olfactandum
1671 1682 1850 1763 dari,
1883 1698 1999 1752 aut
2029 1686 2334 1780 stragulis

182 1787 474 1880 subjici,
504 1802 571 1856 et
610 1789 699 1856 ita
734 1787 1043 1856 collocari
1087 1813 1371 1882 aegrum,
1412 1789 1583 1855 inter
1622 1788 1906 1858 remedia
1952 1791 2170 1860 tradit.

298 1897 449 1960 LV.
497 1892 791 1962 Silvestri
836 1894 920 1962 ad
963 1893 1191 1962 eadem
1229 1895 1327 1962 vis
1360 1893 1698 1986 efficacior
1735 1910 1873 1980 est,
1903 1897 2082 1990 quod
2121 1898 2330 1968 simile

182 2015 287 2067 est
328 2001 655 2092 origano,
699 2000 1065 2070 minoribus
1111 1998 1323 2085 foliis,
1366 2024 1565 2094 quam
1613 2003 1894 2070 sativum
1931 2027 1946 2068 :
2004 2017 2072 2071 et
2104 2027 2141 2070 a
2187 2006 2328 2099 qui-

184 2105 475 2174 busdam
518 2105 891 2176 dictamnus
930 2120 1227 2176 vocatur.
1280 2108 1637 2175 Gustatum
1697 2131 1735 2176 a
1793 2131 2035 2202 pecore
2085 2112 2331 2205 capris·

272 2315 364 2362 η.
422 2300 707 2367 Defuncto..
750 2301 928 2355 nime.
968 2287 1082 2355 ion.
1127 2302 1216 2354 cit.

184 2381 538 2452 Apuleius,c.
562 2398 702 2445 xcu,
722 2381 800 2434 tit.
826 2401 857 2452 7
886 2399 899 2432 :
926 2380 1019 2433 «Si
1044 2382 1218 2434 infans

184 2461 239 2512 in
287 2465 450 2512 utero
485 2460 722 2514 mulieris
754 2474 995 2514 mortuus
1022 2461 1213 2514 fuerit:

185 2539 395 2612 pulegii
413 2539 701 2594 cauliculos
723 2553 827 2595 tres
848 2553 1105 2607 recentes,
1122 2542 1213 2612 qui

185 2620 406 2674 adolent
431 2620 688 2685 suaviter,
713 2621 869 2675 tritos
893 2621 948 2674 in
971 2622 1097 2674 vino
1123 2640 1213 2674 ve-

188 2714 302 2753 tere
330 2701 543 2772 optimo
559 2737 575 2762 ,
600 2702 816 2754 sextarii
837 2700 1105 2773 quartario
1145 2698 1214 2753 da

186 2780 371 2844 bibat,
400 2779 725 2833 liberabitur.
750 2808 772 2828 -
810 2782 989 2835 Hsnn.

273 2878 296 2911 1
313 2862 369 2913 5.
419 2858 603 2912 semen.
657 2859 801 2913 Illud
840 2861 1093 2913 nimirum
1136 2874 1215 2913 est

187 2939 337 3009 quod
377 2938 633 3011 Apuleius
662 2940 948 3011 aliquando
976 2939 1208 3011 planius,

189 3037 237 3071 c.
262 3032 456 3082 xcu,t.
484 3026 581 3083 14:
606 3020 689 3072 -Si
718 3020 905 3074 mulier
928 3019 1215 3073 obticuerit

188 3090 413 3169 (nempe
435 3099 489 3150 in
508 3096 685 3170 partu)
700 3099 1001 3170 :pulegium
1021 3099 1214 3151 contri·

188 3190 304 3231 tum
341 3190 394 3229 et
420 3177 475 3230 in
500 3178 771 3249 pulverem
796 3178 1067 3232 redactum
1098 3178 1214 3230 lana

187 3256 541 3310 convolutum
582 3258 890 3328 subjiciatur
932 3259 999 3311 ab
1039 3257 1214 3310 obste-

190 3336 345 3389 trice.
377 3360 400 3382 -
432 3336 609 3389 Han.

276 3418 371 3468 16.
414 3414 473 3467 Si
513 3436 679 3489 aquoe,
712 3428 809 3471 etc.
848 3416 1145 3470 Praesertim
1173 3415 1217 3468 si

188 3496 359 3566 pigrae
384 3507 438 3547 et
460 3507 776 3565 stagnantes.
802 3498 1004 3550 Dsuzc.

280 3596 300 3627 ι
314 3592 368 3643 7.
412 3573 746 3629 Sahitudines.
788 3576 986 3629 Forsan
1019 3577 1212 3628 lassitu-

190 3656 351 3719 dines,
376 3656 585 3709 rectius.
605 3655 814 3711 Idcirco
832 3657 973 3709 enir'n
996 3669 1050 3709 et
1073 3656 1211 3709 tueri

189 3737 367 3806 capita
404 3733 632 3801 dicitur,
664 3748 849 3789 contra
876 3748 1029 3789 astus
1055 3736 1215 3807 frigo·

190 3834 423 3886 rumque
449 3816 727 3886 injuriam,
745 3834 863 3885 quoe
893 3832 1060 3869 causae
1090 3828 1217 3869 sunt

187 3893 564 3947 lassitudinum
611 3914 624 3947 ε
659 3906 713 3947 et
746 3894 887 3948 idem
926 3912 1213 3948 nervorum

192 3974 561 4028 confricationi
590 3974 867 4047 prodesse,
900 3973 1044 4046 quod
1072 3974 1215 4027 lassi·

194 4052 434 4107 tudinem
464 4054 661 4124 pariter
687 4054 924 4123 respicit.
948 4053 1126 4107 Hum.

281 4152 306 4185 1
319 4136 370 4189 8.
384 4134 1048 4206 Ner-vorum.Apul.c.xcn‚
1060 4146 1099 4189 t.
1114 4154 1136 4188 ι
1151 4134 1213 4189 3:

1310 2325 1333 2347 ι
1356 2300 1555 2353 Contra
1595 2319 1861 2370 spasmum
1906 2318 1921 2354 ε
1960 2301 2236 2373 pulegium
2275 2305 2330 2374 in

1300 2379 1431 2433 aceti
1457 2379 1664 2450 cyathis
1690 2378 1899 2434 duobus
1921 2383 2136 2452 jejunus
2156 2383 2332 2451 bibat,

1302 2459 1345 2511 si
1375 2476 1621 2529 spasmus
1653 2459 1904 2514 molestus
1932 2461 2108 2514 fuerit.
2139 2489 2161 2511 ι
2199 2465 2332 2535 Sps·

1302 2555 1444 2591 smus
1468 2557 1759 2593 nervorum
1787 2538 2035 2595 distentio
2062 2555 2139 2596 est
2171 2556 2332 2617 atque

1300 2619 1594 2673 convulsio.
1622 2620 1856 2673 Tetanus
1873 2662 1888 2684 ,
1919 2621 2228 2676 eorumdem
2257 2627 2331 2679 ri-

1298 2716 1423 2769 gor.
1447 2711 1662 2751 auctore
1688 2700 1842 2752 Celso
1858 2739 1873 2766 ‚
1896 2700 1980 2767 11,
2005 2719 2054 2754 ι.
2080 2702 2334 2772 Opistho·

1299 2792 1393 2833 ton
1401 2798 1488 2831 um
1497 2798 1765 2849 spasmum
1777 2780 1978 2834 Plinius
1985 2779 2139 2845 dixit,
2150 2785 2332 2849 XXII,

1302 2876 1356 2926 9.
1387 2862 1467 2912 De
1491 2860 1839 2930 opisthotono
1878 2859 2112 2913 diximus
2149 2881 2197 2916 c.
2236 2864 2327 2918 15.

1301 2939 1395 2991 Est
1421 2940 1563 2992 enim
1589 2940 1959 3010 opisthotonos
1981 2959 2145 2992 unum
2176 2961 2204 2995 e
2234 2943 2328 2996 tri·

1298 3018 1397 3070 bus
1416 3020 1605 3089 spasmi
1618 3019 1900 3089 generibus
1912 3037 2034 3089 quae
2055 3019 2219 3074 fusius
2241 3039 2329 3074 ex-

1298 3098 1563 3168 planaturi
1589 3116 1794 3161 sumus,
1817 3098 1908 3149 lib.
1927 3098 2117 3150 xxm
2130 3137 2144 3159 ,
2164 3117 2211 3152 c.
2234 3106 2324 3165 ²4·

1301 3178 1371 3229 H.
1394 3206 1473 3217 —
1497 3177 1816 3244 Confi-icatur
1833 3180 1902 3230 ia.
1920 3176 2018 3229 Gr.
2033 3182 2331 3244 const-immr-

1300 3260 1438 3327 opist.
1460 3257 1654 3309 omisso
1680 3256 1790 3309 scil.
1813 3264 1884 3328 τῷ
1911 3260 1981 3308 in.
2004 3257 2106 3310 En.

1390 3354 1476 3403 19.
1505 3336 1718 3387 Bebitur.
1740 3336 1912 3389 Diose.
1933 3336 2018 3388 111
2034 3376 2048 3399 ,
2077 3338 2163 3389 36.
2205 3338 2273 3391 Η.

1388 3434 1473 3468 ao.
1499 3416 1593 3467 Ad
1610 3418 1771 3467 tussim
1788 3414 1965 3485 efficax
1982 3416 2198 3470 habetur.
2218 3419 2329 3470 Ha·

1303 3495 1471 3555 beatis,
1476 3513 1584 3548 non
1596 3494 1813 3557 habetur,
1827 3495 1883 3547 in
1894 3509 1997 3549 vet.
2001 3493 2119 3549 cod.
2123 3497 2330 3561 Scribo,

1303 3576 1523 3632 habenti,
1546 3575 1602 3627 h.
1626 3591 1673 3627 e.
1695 3575 1738 3627 si
1763 3572 2035 3628 dumtaxat
2053 3576 2330 3643 habeatur,

1298 3667 1361 3708 ut
1384 3672 1522 3724 saepe
1547 3654 1676 3707 alias
1698 3653 1918 3706 Plinius.
1945 3654 2104 3709 Pus-r.

1386 3754 1413 3786 2
1428 3753 1475 3786 1.
1504 3734 1710 3787 Palices.
1739 3734 1914 3804 Atque
1939 3733 2067 3789 inde
2094 3710 2329 3790 fortassis

1301 3813 1498 3886 pulegii
1524 3832 1742 3871 nomen.
1773 3813 1956 3867 Hsnn.

1387 3914 1415 3947 α
1424 3914 1452 3947 a
1462 3935 1474 3948 .
1490 3895 1807 3947 Xenocrates.
1822 3894 2081 3965 Apuleius
2092 3910 2330 3965 quoqne,

1303 3992 1351 4027 c.
1384 3980 1496 4027 κου’
1516 4014 1531 4038 ,
1552 3978 1658 4028 t.-6
1682 3992 1696 4027 :
1718 3997 1738 4017 ι
1758 3972 1840 4025 Ad
1868 3975 2111 4027 tertianas
2135 3992 2148 4025 :
2172 3973 2328 4025 Pulc-

1304 4054 1378 4123 gii
1397 4055 1629 4108 ramulos
1647 4068 1751 4107 tres
1773 4055 1890 4106 lana
1916 4053 2183 4107 involutos
2203 4050 2336 4103 odo·

1302 4146 1385 4186 ret
1409 4147 1529 4188 aute
1554 4134 1923 4191 accessionem.
1948 4156 1971 4179 -
2011 4131 2193 4186 Han.
