3150 5150
122 5 235 24 “r-
250 5 499 19 vss-—ffi—
514 5 1201 18 *vv—-vv——v-v---—-
1226 5 1271 11 -v
1296 7 1347 11 ---
1361 7 1501 11 -—--——
1518 7 1628 11 ——-
1651 7 1689 11 -—
1703 7 1736 9 --

993 591 1312 673 L‘IBER
1363 607 1522 672 xx.
2176 604 2321 702 517

225 741 410 812 ricis'¹
469 743 826 814 vescendas
869 743 1144 831 dedere,
1199 760 1266 814 et
1319 759 1550 814 contra
1604 743 1982 814 lumborum
2032 743 2326 816 dolores:

223 864 636 942 purgamenta
677 873 941 944 quoque
982 874 1208 918 earum
1250 864 1540 920 cremata
1571 852 1640 918 in
1677 851 1967 920 cinerem
2003 848 2329 922 illinentes

222 979 286 1024 ex
336 970 518 1050 aceto
559 959 962 1051 serpentium
1007 957 1368 1044 morsibus,
1425 954 1786 1051 sepisque¹²
1828 955 2203 1051 multipedae
2251 959 2333 1027 ex

221 1076 405 1130 aceto.
455 1061 734 1156 Reliqua
763 1046 998 1131 inter¹³
1037 1061 1324 1132 medicos
1361 1065 1527 1132 mira
1567 1062 1935 1132 diversitas.
1973 1051 2331 1134 Proximi¹⁴

221 1165 390 1236 utiles
445 1193 588 1238 esse
631 1167 1008 1263 praecordiis
1053 1181 1120 1236 et
1167 1168 1627 1252 concoctioni,
1679 1168 2083 1237 inflationem
2134 1193 2219 1238 ue
2264 1185 2335 1240 et

221 1275 372 1342 sitim
391 1273 610 1344 facere
633 1273 960 1344 dixerunt.
986 1272 1390 1370 Asclepiadis
1413 1273 1669 1357 schola,
1686 1273 1771 1342 ad
1786 1272 2075 1344 colorem
2094 1272 2109 1298 ¹
2164 1299 2327 1369 quo-

219 1405 329 1472 que
351 1379 640 1450 validum
663 1379 898 1476 profici
925 1379 1056 1450 hoc
1091 1380 1262 1450 cibo.
1287 1383 1374 1450 Et
1403 1381 1456 1451 si
1475 1381 1685 1474 jejuni
1704 1365 1751 1404 ¹⁶
1780 1379 2071 1474 quotidie
2098 1380 2328 1466 edant,
2365 1405 2399 1462 ,ε

220 1483 572 1556 firmitatem
637 1485 1026 1556 valetudinis
1074 1485 1391 1556 custodiri
1437 1511 1454 1554 ε
1509 1485 1862 1555 stomacho
1912 1485 2105 1556 utiles
2150 1512 2335 1572 esse,

221 1593 462 1685 spiritus
519 1595 879 1688 agitatione
909 1591 1004 1660 ¹⁷:
1075 1607 1374 1662 ventrem
1439 1591 1697 1662 mollire
1722 1645 1743 1678 ‚
1808 1592 2333 1662 haemorrhoidas

219 1695 435 1791 pellere
451 1683 524 1786 ¹⁸,
556 1699 852 1769 subditas
892 1724 1015 1793 pro
1056 1697 1307 1768 balanis
1323 1697 1415 1766 ¹⁹:
1453 1723 1725 1768 succum
1770 1723 1921 1768 cum
1982 1723 2182 1768 succo
2228 1699 2331 1768 fe-

219 1803 394 1873 niculi
428 1819 663 1875 contra
697 1805 1082 1900 incipientes
1119 1805 1510 1901 hydropises
1552 1805 1721 1873 mire
1769 1803 2113 1899 proficere.
2161 1806 2330 1874 Item

219 1923 424 1979 contra
444 1908 808 2006 anginas²⁰,
840 1935 992 1981 cum
1029 1926 1180 1981 ruta
1216 1925 1284 1981 et
1321 1909 1532 1980 melle.
1564 1907 1923 1979 Excitari³¹
1960 1911 2208 1980 eisdem
2232 1909 2333 1980 le-

219 2015 548 2110 thargicos.
571 2020 830 2104 Varro,
859 2041 1005 2110 quae
1031 2015 1195 2102 sale,
1223 2031 1290 2086 et
1317 2031 1507 2086 aceto
1541 2017 1715 2112 pista
1743 2030 1843 2085 est
1872 2016 2330 2111 arefactaque‚

221 2123 563 2193 vermiculis
602 2147 739 2192 non
771 2122 1095 2211 infestari,
1137 2138 1370 2193 auctor
1407 2138 1523 2192 est.

303 2229 480 2300 XXI.
515 2219 676 2323 (vl.)
703 2227 1022 2298 Porrum¹
1062 2231 1384 2299 sectivum
1414 2229 1743 2324 profluvia
1781 2227 2120 2323 sanguinis
2158 2228 2327 2296 sistit
2366 2266 2388 2300 ι

215 2414 446 2472 denudata
471 2419 677 2491 capillis
703 2419 854 2490 Soepe
879 2416 1101 2485 fricans,
1122 2435 1208 2470 cs·
1293 2417 1647 2488 pulcrumque
1696 2435 1873 2470 creare
1912 2417 2163 2470 colorem.
2198 2443 2221 2466 »
2258 2419 2324 2471 Η.

217 2497 320 2565 pitis
355 2499 552 2570 poteris
591 2516 836 2570 reparare
880 2496 1149 2550 decorem.
1177 2522 1201 2546 ι
1382 2501 1471 2550 16.
1501 2497 1574 2548 Ee
1614 2499 1659 2548 si
1690 2498 1862 2568 jejuni.
1900 2496 2038 2550 Plin.
2070 2496 2190 2550 val.
2218 2497 2321 2551 loc.

216 2575 254 2627 E
285 2578 470 2633 Graecis
499 2580 744 2633 Dioscor.
775 2592 826 2632 et
857 2577 1047 2632 Galen.
1075 2579 1206 2631 locc.
1293 2577 1382 2631 cit.
1411 2579 1599 2631 Eum.

215 2655 306 2709 citt.
335 2658 512 2713 Hm.
1381 2676 1404 2713 ι
1417 2676 1470 2728 7.
1501 2656 1713 2727 Spiritus
1727 2659 2014 2727 >agitatiora
2044 2656 2324 2711 Concitato

286 2756 364 2791 η.
385 2738 562 2792 Coetus
583 2738 904 2807 dysentericis.
926 2736 1068 2791 Plin.
1087 2737 1208 2790 val.
1293 2750 1483 2802 ructu;
1513 2755 1639 2789 nam
1672 2750 1853 2791 ructus
1890 2736 2092 2789 ventris
2120 2737 2326 2789 exerci-

215 2814 299 2869 loc.
323 2818 408 2871 cit.
435 2818 620 2873 flant).
1294 2816 1421 2870 tatio
1473 2829 1568 2869 est.
1608 2816 1816 2870 Duae.
1856 2848 1934 2861 --
1976 2814 2204 2886 Spiritus.
2246 2818 2323 2872 Ea

283 2914 359 2950 η.
385 2897 626 2970 Sepisque.
661 2897 1035 2968 subintellige,
1065 2915 1211 2949 mor·
1292 2898 1497 2950 ratione
1521 2893 1668 2967 qnod
1686 2897 1903 2967 spiritus
1930 2896 2121 2966 agitet,
2144 2896 2325 2967 inquit

213 2973 348 3029 sibus.
371 2980 448 3031 De
473 2996 601 3049 sepe
621 2975 937 3047 multipeda.
960 2976 1068 3028 sive
1088 2975 1208 3028 mil·
1292 2974 1430 3029 Plin.
1457 2976 1578 3028 val.
1608 2975 1710 3027 loc.
1741 2977 1828 3029 cit.
1862 2975 2045 3027 Ilum.

215 3052 372 3124 lepeda
389 3093 403 3109 .
427 3057 674 3129 superins
689 3096 706 3119 ,
726 3073 772 3108 c.
803 3060 858 3110 6.
893 3056 1076 3109 Hum-
1379 3056 1468 3109 18.
1501 3054 1779 3107 Hamae-rh.
1799 3054 1994 3124 pellere.
2034 3052 2223 3107 Galen.
2251 3050 2321 3110 de

285 3135 361 3187 13.
397 3138 603 3209 Reliqua
647 3138 788 3189 incer.
823 3136 950 3189 linc
983 3132 1208 3189 totidem
1294 3134 1414 3187 Fac.
1444 3132 1622 3203 simpl.
1645 3130 1924 3191 med.V11.
1954 3150 2071 3202 pag.
2094 3132 2222 3199 198.
2250 3134 2321 3185 H.

215 3214 364 3267 verbis
377 3216 510 3270 Plin.
531 3217 652 3268 val.
675 3217 776 3279 IV,
797 3220 890 3269 26.
915 3215 984 3267 Η.
1379 3233 1400 3267 ι
1415 3232 1468 3281 9.
1486 3212 1588 3264 Pm
1604 3212 1808 3265 balaae.
1825 3210 2006 3264 Bolani
2028 3222 2153 3263 sunt
2168 3212 2322 3281 gleu-

282 3302 360 3357 ¹⁴·
395 3296 630 3349 Proximi.
659 3296 806 3348 Inter
834 3293 1068 3348 medicos
1103 3312 1204 3347 no·
1291 3291 1404 3357 des,
1425 3304 1478 3345 et
1501 3290 1556 3344 id
1582 3289 1728 3361 quod
1751 3310 1847 3362 per
1867 3288 2071 3361 glandis
2093 3288 2320 3347 formam

213 3371 412 3432 viuimi.
441 3394 579 3447 quos
617 3374 774 3428 etiam
809 3374 950 3428 Plin.
977 3373 1096 3427 Val.
1123 3392 1206 3427 se-
1288 3370 1356 3426 ad
1373 3368 1779 3425 subducendam
1799 3370 1977 3424 alvum
1998 3368 2053 3421 in
2072 3366 2319 3439 podicem

213 3465 386 3519 quotus
428 3468 506 3509 est
525 3494 544 3519 ‚
593 3468 714 3525 cap.
755 3454 846 3508 cit.
895 3452 964 3507 de
1007 3453 1204 3523 copis:
1289 3470 1452 3507 manu
1485 3449 1709 3503 inditur.
1739 3448 2168 3521 suppositorium
2198 3450 2319 3503 vul·

215 3552 230 3571 ·
251 3532 594 3600 Dioscorides,
609 3533 811 3604 inquit,
834 3544 986 3605 putat
1001 3550 1062 3585 ex
1081 3532 1204 3585 cibo
1288 3550 1385 3603 gns
1409 3529 1747 3583 officinarum
1776 3540 1945 3581 vocat.
1974 3526 2157 3582 Hum.

211 3626 366 3665 earnm
412 3615 556 3667 sitim
599 3612 859 3678 accendi,
904 3610 1205 3666 inflatione·
1379 3630 1466 3665 ιο.
1493 3612 1739 3679 Angiacs.
1766 3608 1945 3662 Diosc.
1966 3608 2053 3670 11.
2094 3610 2220 3663 181.
2250 3608 2319 3671 Η.

209 3688 335 3753 fieri,
374 3706 532 3765 capnt
571 3692 902 3763 progravsri.
922 3718 945 3741 ι·
991 3692 1206 3745 Diosco·
1377 3710 1464 3747 ax.
1493 3691 1726 3743 Excitari
1752 3688 1945 3742 eisdem.
1974 3687 2146 3761 Cepis
2177 3687 2321 3743 scili-

210 3768 318 3821 ridis
347 3774 506 3827 verba
553 3770 832 3825 referenda
871 3790 935 3825 ex
979 3771 1073 3824 lib.
1114 3770 1168 3822 11
1190 3810 1207 3836 ,
1294 3782 1404 3836 cet,
1438 3768 1482 3824 si
1524 3768 1717 3839 largius
1744 3766 1989 3823 edantur.
2017 3766 2161 3823 Vide
2200 3766 2321 3821 Cel-

217 3852 320 3902 181.
339 3852 515 3905 llum.
541 3882 618 3891 —
638 3850 726 3905 sic
741 3870 806 3905 ex
823 3851 976 3905 MSS.
995 3849 1206 3905 emend.
1295 3868 1408 3903 sum
1423 3886 1440 3914 ,
1466 3850 1549 3903 111
1563 3888 1580 3914 ,
1620 3867 1687 3902 ao
1704 3888 1719 3916 ‚
1741 3860 1793 3901 et
1818 3849 1989 3901 Diosc.
2013 3848 2117 3901 loc.
2136 3846 2227 3901 cit.
2247 3848 2317 3901 Η.

212 3926 350 3981 Hard.
361 3933 620 3984 hmihsv.
633 3932 822 3984 inutilia
833 3932 928 3985 Gr.
941 3944 992 3985 et
1001 3931 1084 3983 Al.
1098 3929 1204 3983 En.
1371 3929 1524 3984 XXI.
1545 3946 1566 3981 ι
1580 3966 1593 3981 .
1606 3929 1829 3981 Parrum.
1839 3928 2003 3981 Marc.
2018 3926 2173 3997 Emp.
2190 3944 2239 3977 c.
2253 3944 2287 3977 x
2298 3944 2316 3981 z

281 4014 358 4062 15.
399 4012 488 4063 Ad
517 4012 734 4063 colorem.
773 4010 911 4065 Plin.
945 4010 1066 4063 Vel.
1097 4008 1202 4065 loo.
1302 4034 1324 4056 ι
1369 4010 1449 4061 De
1507 4026 1670 4079 porro
1722 4008 1918 4061 sectivo
1982 4006 2104 4059 trito
2162 4022 2317 4057 nares

211 4086 284 4137 cit.
318 4088 500 4144 Schola
531 4090 854 4144 Salernitana
893 4088 963 4143 de
997 4088 1151 4159 copis
1179 4108 1200 4141 .·
1291 4088 1517 4141 flucntes
1532 4100 1675 4141 recte
1686 4088 2025 4139 obturantur.
2045 4110 2067 4130 a·
2094 4084 2162 4136 Et
2174 4082 2312 4135 Plin.

215 4190 232 4209 ·
253 4166 364 4221 Non
407 4169 676 4223 modicum
729 4190 878 4223 sanias
927 4167 1200 4239 Asclepius
1289 4168 1407 4221 val.
1437 4166 1504 4219 de
1537 4168 1615 4219 Re
1647 4164 1783 4219 med.
1813 4167 1869 4229 1,
1893 4167 2001 4218 26:
2038 4189 2059 4209 ι
2080 4160 2165 4215 Ad
2186 4180 2315 4233 pro·

210 4248 366 4301 asserit
389 4250 498 4303 illas
517 4290 536 4316 ,
569 4250 866 4304 Prusa-tim
895 4248 1196 4310 stom-cho.
1287 4246 1514 4302 fluvium
1539 4245 1747 4299 narium
1780 4263 1796 4299 ι
1830 4245 1893 4297 In
1921 4244 2024 4295 hoc
2055 4261 2204 4307 casu,
2232 4242 2316 4295 in-

1926 4334 2050 4423 33³
