3150 5150
916 550 1230 622 LIBER
1277 552 1573 620 XVIII.

2181 554 2308 625 311

188 680 283 749 ad
310 705 467 751 crus
488 680 689 776 ligato
704 681 956 751 fenisex
980 682 1345 753 incedebat.
1371 683 1557 753 Italia
1581 685 1883 779 aquarias
1913 698 2095 753 cotes
2122 684 2322 774 dedit,

190 786 367 857 limae
396 788 611 857 vicem
638 790 1037 882 imperantes
1064 787 1261 859 ferro.
1294 790 1425 859 Sed
1448 791 1734 884 aquariae
1752 790 2054 885 protinus
2085 793 2316 861 virent.

192 892 493 963 Falcium
532 894 823 989 ipsarum
870 895 1007 965 duo
1042 918 1282 989 genera
1322 920 1337 965 ε
1383 895 1688 969 Italicum
1739 895 2002 965 brevius
2021 950 2042 983 ,
2095 920 2174 967 uc
2213 898 2320 967 vel

190 1000 374 1069 inter
402 1022 638 1095 vepres
678 1022 943 1095 quoque
981 999 1342 1099 tractabile.
1394 1000 1761 1073 Galliarum
1799 1000 2143 1072 latifundia
2179 1028 2321 1073 ma·
2365 1038 2425 1071 ιο

186 1106 357 1197 joris
390 1105 812 1201 compendii·
849 1109 1098 1203 quippe
1130 1107 1379 1177 medias
1416 1110 1680 1179 caedunt
1718 1108 2005 1197 herbas,
2053 1110 2322 1179 brevio·
2427 1142 2436 1147 ·

192 1236 434 1307 resque
465 1226 880 1345 prae3tereunt.
914 1212 1123 1283 Italus
1152 1212 1401 1285 fenisex
1435 1214 1666 1283 dextra
1709 1238 1843 1283 una
1885 1239 2086 1283 manu
2122 1231 2321 1285 secat.

192 1320 463 1387 ,Iustum
484 1304 641 1388 est³¹
682 1342 817 1388 una
845 1344 1050 1415 opera
1078 1320 1387 1416 jugerum
1414 1322 1483 1389 in
1515 1321 1624 1390 die
1656 1320 1991 1391 desecari·
2030 1319 2323 1416 alligari-

194 1448 331 1516 que
370 1424 742 1557 manipulos
784 1424 963 1496 mille
1000 1424 1361 1515 ducentos,
1410 1441 1738 1522 quaterna
1769 1426 2013 1521 pondo.
2055 1429 2325 1497 sectum

196 1516 407 1599 verti³
412 1529 563 1599 'ad
596 1528 837 1617 solem,
878 1556 1001 1605 nec
1044 1534 1169 1602 uisi
1212 1534 1458 1603 siccum
1504 1536 1800 1603 construi
1850 1546 2162 1627 oportet.
2203 1535 2328 1603 nisi

192 1636 405 1705 flierit
433 1638 565 1706 hoc
606 1638 1025 1711 observatum
1070 1638 1469 1771 diligenter,
1495 1638 1802 1713 exhalare
1845 1640 2171 1709 matutino
2211 1662 2328 1708 ne-

194 1740 427 1811 bulam
464 1744 852 1838 quamdam,
894 1760 1231 1841 metasque
1273 1732 1469 1815 mox³
1472 1731 1662 1815 ³sole
1703 1744 2018 1833 accendi,
2063 1759 2132 1815 et
2167 1769 2324 1815 con·

190 1847 483 1942 flagrare
525 1864 781 1919 certum
821 1865 942 1920 est.
990 1854 1245 1921 Rursus
1294 1853 1498 1947 rigari
1508 1838 1561 1885 ³⁴
1603 1851 1868 1921 desecta
1911 1865 2209 1947 oportet,
2253 1865 2330 1921 ut
2370 1878 2426 1913 ιι

188 1970 461 2023 secetur
494 1956 875 2029 autumnale
917 1956 1182 2045 fenum,
1225 1956 1407 2053 quod
1445 1972 1691 2027 vocant
1737 1957 2037 2027 cordum.
2077 1960 2331 2026 Intera—

190 2084 371 2129 muae
408 2061 475 2129 in
510 2062 793 2131 Umbria
835 2078 1070 2158 quater
1112 2088 1289 2134 anno
1326 2078 1674 2135 secantur·
1709 2065 1906 2132 etiam
1941 2086 2080 2131 non
2115 2064 2330 2193 rigua

192 2168 335 2235 Ter
358 2190 518 2237 vero
547 2166 928 2263 plerisque'
910 2194 977 2237 ιιι
1005 2168 1201 2239 locis:
1236 2185 1305 2240 et
1336 2185 1569 2265 postea
1593 2170 1831 2265 inipso
1857 2153 2170 2263 pabulo³⁵
2197 2192 2334 2237 nou

190 2273 419 2342 minus
446 2272 879 2345 emolumenti
900 2290 1033 2359 est,
1072 2300 1331 2371 quamn
1350 2277 1526 2347 feno,
1554 2277 2028 2345 Armentorum
2047 2273 2116 2343 id
2139 2296 2334 2357 cura,

280 2506 315 2560 3
330 2524 376 2559 ι.
406 2506 596 2559 lustum
617 2518 704 2559 est.
726 2506 940 2561 Colum.
964 2506 1072 2572 XI,
1093 2506 1223 2580 ’²⁵¹¹

192 2587 347 2640 Maio
380 2604 396 2640 :
444 2613 469 2635 ιι
517 2587 621 2640 Per
660 2588 764 2641 hos
799 2585 913 2642 dies
962 2587 1225 2644 feniseciae

192 2659 563 2720 instituenda.
592 2667 771 2720 Bonus
795 2668 1067 2738 operarius
1085 2667 1225 2738 prati

196 2749 452 2818 jugerum
478 2744 687 2799 desecat
701 2785 717 2810 ‚
736 2765 834 2799 nec
878 2746 1055 2799 minus
1076 2745 1222 2799 mille

192 2825 465 2880 ducentos
486 2824 788 2896 manipulos
816 2843 957 2878 uuus
992 2825 1221 2896 obligat.

194 2905 297 2976 qui
326 2905 431 2958 sint
449 2906 643 2976 singuli
668 2918 1044 2976 quaternarum
1064 2903 1226 2958 libra·

198 3005 349 3038 rum.
378 3009 403 3034 ι
438 2984 623 3038 lino.

286 3063 386 3118 3².
404 3063 595 3117 δαείω
610 3066 749 3116 verti.
778 3063 991 3117 Colum.
1010 3064 1066 3115 11
1082 3103 1099 3128 ,
1123 3081 1219 3132 19:

206 3171 231 3192 ι
259 3145 684 3214 Nonnumquam
706 3143 865 3196 etiam
893 3161 1064 3216 quum
1089 3142 1226 3196 ceci·

198 3221 417 3290 dimus,
448 3223 623 3276 imber
662 3223 924 3294 oppressit
958 3240 973 3275 z
1005 3219 1151 3294 quod
1180 3221 1226 3276 ti

198 3302 540 3374 peu-maduit,
590 3302 777 3356 inutile
812 3314 893 3356 est
917 3299 1083 3354 udum
1112 3320 1227 3354 mo-

198 3399 366 3447 vere,
394 3383 693 3453 meliusque
714 3383 978 3453 patiemur
992 3381 1232 3452 superio·

200 3481 325 3516 rem
348 3475 557 3532 pertun
592 3462 701 3516 sole
726 3460 952 3515 siccari:
980 3471 1109 3514 tunc
1136 3459 1230 3514 de·

206 3559 365 3594 mum
417 3554 818 3605 convertemus,
866 3553 968 3594 ete.
1084 3541 1151 3593 Η.

300 3621 401 3675 33.
438 3621 693 3692 Metasque
732 3641 862 3673 mox.
906 3619 1117 3674 Colum.
1146 3619 1234 3684 11,

210 3719 325 3769 ¹92
346 3703 683 3755 -ssntautem
700 3696 1234 3763 ιιιοάιιείιιιίοοιιιᾶο,

202 3794 269 3834 ut
286 3800 470 3853 neque
490 3779 795 3851 peraridum
811 3819 827 3844 ,
855 3798 1028 3850 neque
1055 3797 1236 3832 rursus

206 3859 387 3914 viride
426 3858 705 3932 colligatur
740 3880 756 3912 ε
784 3861 1006 3913 alterum
1028 3899 1045 3922 ,
1089 3857 1237 3930 quod

202 3961 435 3994 omnem
488 3958 704 3994 succum
750 3941 793 3992 ti
846 3938 1020 3992 amisit
1034 3977 1051 4004 ‚
1104 3951 1236 3992 stra-

206 4022 382 4076 menti
446 4020 615 4074 vicem
660 4021 865 4072 obtinet
898 4037 913 4072 :
960 4019 1233 4082 alterum,

204 4099 359 4173 quod
390 4100 441 4154 οἱ
466 4099 691 4152 ninnium
716 4099 968 4163 retinuit,
1004 4099 1061 4152 in
1084 4100 1237 4152 tabu-

204 4183 319 4236 lato
342 4179 612 4252 putrescit
639 4197 653 4231 ε
687 4199 749 4234 ac
771 4198 907 4252 sape
934 4177 1240 4243 concaluit,

1309 2506 1487 2579 ignem
1506 2518 1649 2559 creat
1671 2518 1724 2559 et
1747 2502 2059 2559 incendium
2085 2543 2124 2559 ..
2142 2544 2157 2559 .
2179 2502 2338 2559 Certe

1309 2582 2337 2732 fflssffsscssm‘ffiffflssssfffflffi

1312 2745 1620 2808 conveniet,
1656 2763 1844 2818 easque
1879 2745 2016 2816 ipsas
2060 2745 2116 2796 in
2149 2742 2339 2797 acutis·

1312 2825 1470 2878 simos
1517 2825 1738 2878 vertices
1795 2823 1994 2877 exacui.
2045 2823 2132 2876 Sic
2190 2821 2336 2875 enim

1312 2904 1740 2958 commodissime
1765 2902 1947 2955 fenum
1971 2898 2275 2955 defenditur
2302 2917 2336 2950 a

1308 2983 1541 3056 pluviis:
1562 3002 1682 3055 qua
1708 2981 1912 3036 etiamsi
1933 3001 2042 3034 ιιοιι
2069 2981 2208 3040 sint,
2227 2996 2338 3032 non

1310 3063 1537 3116 alienum
1560 3077 1735 3116 tamen
1761 3073 1842 3114 est
1864 3059 2146 3133 praedictat
2170 3070 2337 3111 metas

1310 3144 1515 3207 facere,
1558 3154 1621 3195 ut
1667 3143 1711 3193 si
1754 3141 1874 3211 quis
1915 3140 2114 3192 humor
2153 3135 2337 3190 herbis

1312 3223 1483 3289 inest,
1514 3219 1764 3284 exsudet,
1807 3233 1964 3290 atque
2011 3226 2339 3288 excoquatur

1313 3303 1373 3355 iu
1408 3301 1626 3355 acervis.
1664 3325 1694 3360 ι,
1730 3299 1874 3352 Metu
1925 3315 2090 3368 porro
2138 3294 2340 3348 dicitur

1317 3381 1424 3435 seni
1449 3379 1721 3451 congeries
1747 3379 1831 3430 vel
1862 3390 2030 3431 strues
2061 3375 2118 3428 in
2142 3375 2336 3428 acutis·

1316 3461 1509 3515 simum
1562 3458 1818 3511 verticem
1861 3467 2097 3511 exacuta.
2147 3455 2218 3507 11.

1402 3538 1494 3603 34.
1536 3539 1720 3591 Rursus
1763 3541 1936 3608 rigan’.
1978 3535 2190 3591 Colum.
2237 3533 2294 3586 Π
2319 3565 2338 3592 ‚

1328 3638 1396 3690 ¹7
1418 3657 1435 3682 ‚
1460 3617 1688 3672 totidem
1711 3617 1906 3671 verbis.
1931 3614 2117 3670 Ηιιιιι.

1402 3699 1492 3753 35.
1532 3699 1596 3751 In
1621 3700 1728 3769 ipso
1749 3697 1949 3768 pabulo.
1983 3694 2201 3748 Colum.
2234 3691 2295 3744 11
2315 3725 2336 3753 ‚

1328 3795 1450 3847 ¹⁶1·
1512 3778 1828 3844 Pratum,
1867 3775 2081 3848 iuquit,
2135 3770 2344 3826 minimi

1322 3871 1565 3930 sumptus
1590 3877 1775 3930 egene,
1819 3875 1916 3928 per
1958 3872 2142 3907 omnes
2178 3868 2346 3903 uuum

1322 3941 1525 4011 prabet
1543 3937 1826 3992 reditum:
1867 3953 2042 4028 neque
2067 3949 2188 3984 eum
2219 3928 2345 3982 sim

1324 4019 1551 4090 plicem3
1574 4035 1744 4089 quum
1763 4015 1922 4070 etiam
1945 4015 1998 4066 in
2017 4009 2216 4104 pabulo
2233 4025 2346 4059 ιιοιι

1326 4099 1506 4152 miuus
1545 4095 1763 4160 reddat,
1809 4111 1966 4166 quam
2021 4091 2080 4143 in
2127 4089 2270 4141 feno.
2315 4109 2340 4134 ι

1328 4175 1509 4232 Ilum.

2011 4261 2138 4346 20⁴
