3150 5150
904 584 1223 655 LIBER
1288 584 1590 653 xvtu.
2163 577 2292 665 341

170 714 333 800 Quae
364 736 527 806 pars
572 711 759 783 liueae
798 712 997 783 fuerit
1030 738 1070 783 a
1114 714 1393 809 pedibus
1430 714 1718 796 umbrat,
1779 712 2116 785 meridiem
2157 739 2302 808 spe-

167 832 385 901 ctans,
404 818 555 891 haec
584 832 859 889 ventum
875 824 1190 889 Austrum
1220 821 1439 908 dabit,
1464 845 1664 915 quem
1695 846 1734 889 a
1766 820 2018 889 Graecis
2049 821 2300 889 Notum

168 922 451 994 diximus
488 927 739 995 vocari.
784 923 973 997 Illinc
1016 926 1177 995 flatu
1206 928 1549 1015 veniente,
1583 927 1927 998 materiam
1943 978 1962 1011 ,
2004 926 2302 995 vineam·
2339 935 2371 989 3

168 1054 321 1123 que,
362 1028 701 1127 agricola,
748 1056 835 1101 ne
866 1046 1143 1103 tractes.
1192 1032 1524 1104 Humidus
1572 1046 1690 1101 aut
1729 1046 2048 1101 aestuosus
2097 1032 2303 1101 Italiae

168 1150 277 1205 est.
302 1136 559 1207 Africae
588 1136 854 1231 quidem
881 1137 1186 1209 incendia
1214 1164 1366 1209 cum
1390 1140 1742 1209 serenitate
1768 1137 1983 1207 affert.
2005 1140 2089 1207 In
2119 1138 2302 1207 hunc

168 1240 703 1373 ltaliae⁶palmites
720 1258 1049 1339 spectent,
1068 1244 1185 1315 sed
1212 1271 1349 1316 non
1379 1244 1592 1341 plagae
1613 1242 1928 1314 arborum
1953 1245 2296 1314 vitiumve.

168 1350 357 1417 Hunc
415 1348 652 1418 oliveti
678 1364 967 1424 metator
986 1350 1431 1447 Vergiliarum
1456 1351 1842 1445 quatriduo,
1869 1350 2050 1420 hunc
2068 1366 2302 1419 caveat

170 1456 393 1523 insitor
436 1454 748 1540 calamis,
796 1458 1203 1555 gemmisque
1240 1456 1635 1527 inoculator.
1679 1460 1785 1525 De
1829 1458 1968 1551 ipsa
2015 1458 2300 1550 regionis

168 1561 297 1653 ejus
348 1562 531 1631 hora
576 1564 1049 1657 praemonuisse
1088 1566 1467 1659 conveniet..
1510 1563 1842 1636 Frondem
1888 1561 2099 1632 media
2160 1562 2300 1649 die,

169 1667 551 1754 arhorator,
592 1692 677 1737 ne
737 1668 995 1740 caedito.
1055 1670 1285 1759 Quum
1336 1668 1680 1739 meridiem
1735 1668 1964 1738 adesse
2016 1671 2254 1739 senties
2279 1722 2300 1753 ,

170 1786 419 1867 pastor,
472 1787 701 1843 aestate
736 1776 1173 1845 contrahente
1212 1801 1284 1847 se
1318 1776 1589 1859 umbra,
1630 1773 1948 1875 pecudem
1983 1798 2021 1843 a
2051 1773 2188 1845 sole
2228 1778 2294 1843 in

170 1904 365 1975 epam
437 1880 729 1975 cogit07.
808 1882 1037 1971 Quum
1108 1868 1366 1952 aestate⁸
1417 1906 1684 1976 pasces,
1746 1882 1814 1950 in
1880 1880 2291 1951 occidentem
2331 1899 2362 1956 4

170 2000 381 2079 specta
414 2001 581 2057 ante.
614 1986 987 2075 meridiem,
1014 2002 1167 2083 post
1204 1988 1549 2058 meridiem
1587 1988 1656 2055 in
1690 1988 2014 2057 orientem
2052 2012 2067 2056 :
2104 1985 2295 2057 aliter

172 2094 475 2179 noxium,
510 2092 939 2177 sicut,hieme
981 2108 1049 2163 et
1087 2092 1285 2163 vere⁹
1327 2096 1379 2163 si
1428 2096 1496 2163 in
1539 2090 1954 2163 rorulentum
1995 2091 2293 2163 duceres.

170 2198 257 2266 Ne
289 2213 539 2271 contra
590 2200 1129 2295 septemtrionem
1190 2201 1449 2295 paveris
1498 2222 1698 2294 supra
1749 2196 2088 2268 dictum¹⁰.
2141 2198 2294 2268 Clo·

170 2302 323 2375 duut
382 2304 595 2391 itau,
654 2304 1023 2401 lippiuntve
1059 2306 1145 2376 ab
1184 2306 1447 2389 afflatu,
1489 2319 1557 2375 et
1602 2303 1755 2374 alvo
1813 2306 1942 2374 cita
1989 2320 2290 2397 pereunt.

172 2410 291 2499 Qui
325 2409 673 2481 feminas⁸²
714 2414 976 2506 concipi
1015 2411 1196 2483 voles
1218 2467 1237 2500 ,
1279 2414 1348 2481 in
1388 2412 1571 2483 hunc
1607 2425 1882 2480 ventum
1922 2425 2298 2504 spectantes

172 2518 305 2588 iniri
344 2520 598 2615 cogito.

168 2719 617 2786 mna-cepimus.-
636 2729 869 2770 reservat
886 2715 1029 2769 enim
1052 2733 1183 2786 pro·

169 2805 365 2863 ceptum
394 2795 459 2848 in
482 2807 646 2866 ceput
668 2796 1008 2867 proximum,
1035 2808 1095 2850 ut
1116 2815 1181 2849 ex

172 2891 227 2925 eo
248 2874 533 2928 manabit.
558 2874 717 2929 Pin.

240 2954 526 3009 aum...
540 2953 810 3026 quatriduo.
828 2953 954 3019 Quo
966 2952 1037 3008 de
1056 2973 1185 3026 qua·

174 3031 339 3087 triduo
364 3034 581 3104 egimus
604 3034 701 3088 lib.
735 3035 927 3100 xva,
951 3055 1003 3088 ο.
1032 3033 1101 3087 Η.

240 3133 295 3182 7.
317 3113 533 3166 AEsme
569 3115 875 3168 commloeme
896 3133 949 3166 se
978 3113 1145 3166 mbr-a
1160 3151 1177 3176 ‚

168 3193 381 3261 pez-de-
408 3213 443 3246 a
468 3194 573 3246 sole
598 3197 649 3246 in
672 3213 825 3264 opaca
848 3193 1027 3246 δαείω.
1063 3191 1183 3246 Ali·

174 3285 245 3326 ter
266 3273 490 3326 exhibet
515 3285 667 3328 vetus
698 3271 897 3338 codex,
938 3299 964 3320 κ
982 3275 1183 3328 AEstete

172 3353 511 3406 outrahaite
525 3371 581 3408 se
594 3353 785 3406 umbre
796 3353 937 3418 solis,
956 3356 1185 3424 pecudes

172 3432 220 3484 in
242 3451 414 3504 opace
438 3429 647 3486 ducito.
674 3459 699 3480 ι
735 3432 895 3486 Pus-r.

244 3515 297 3568 8.
340 3514 511 3582 Qum-
560 3523 746 3566 asma.
784 3511 926 3565 Vide
970 3529 1090 3582 qun
1126 3511 1185 3564 in

172 3608 277 3644 eam
310 3611 429 3646 rem
458 3589 695 3646 diximus
736 3592 829 3646 lib.
876 3591 1041 3656 vul,
1088 3589 1184 3661 75.

170 3669 315 3725 Adde
336 3669 637 3725 Palladium
653 3710 671 3737 ,
688 3671 784 3724 lib.
804 3671 943 3724 xm
966 3671 1023 3723 iu
1044 3671 1181 3726 Nov-

170 3761 205 3802 t.
236 3751 337 3816 13,
370 3769 496 3823 pag.
532 3769 657 3821 ¹7¹·
684 3751 865 3806 mm.

240 3852 295 3901 9.
326 3829 473 3884 Sicut
507 3831 659 3884 bieme
681 3843 731 3883 ee
755 3850 887 3884 vere.
927 3829 1184 3884 Morbum

168 3909 303 3964 laune
324 3907 667 3982 lippitudinis
690 3929 783 3964 seu
806 3907 1109 3980 gravedinis
1128 3921 1185 3962 et

168 3990 264 4043 alvi
280 3991 403 4044 cito
414 4027 433 4054 ‚
463 4007 575 4042 non
592 3989 741 4044 flatui
758 3989 1151 4061 septemtrionis
1163 4025 1181 4050 .

166 4069 253 4122 sed
268 4071 385 4124 rori
404 4069 597 4124 hiemis
619 4071 864 4141 verisque
885 4069 1182 4124 Columella

172 4150 351 4202 tribuit
374 4151 473 4203 lib.
501 4150 647 4213 vn,
677 4168 795 4221 cap.
820 4151 873 4203 3.
913 4149 1077 4202 Purr-
1105 4181 1183 4192 --

174 4226 303 4282 Sim
319 4231 485 4284 him.
498 4230 711 4286 Colum.
724 4230 827 4285 loe.
846 4229 941 4284 cit.
958 4251 980 4276 ο
997 4228 1185 4284 Hieme

1270 2729 1323 2770 et
1346 2735 1473 2770 vere
1485 2755 1501 2781 ,
1519 2717 1796 2770 matutinis
1805 2717 2140 2786 temporibus
2159 2718 2298 2772 iutra

1268 2809 1411 2868 septa
1430 2795 1826 2862 contineantur,
1850 2794 1984 2849 dum
2015 2794 2129 2850 dies
2157 2799 2298 2852 srvis

1268 2874 1513 2947 gelicidia
1538 2873 1788 2930 detrahat
1827 2893 1842 2928 t
1885 2893 2012 2928 nam
2042 2876 2295 2948 pruinosa

1268 2954 1335 3008 iis
1350 2953 1539 3008 diebus
1553 2955 1722 3009 herba
1739 2953 1934 3026 pecudi
1951 2954 2294 3025 gravedinem

1268 3048 1433 3100 erent,
1460 3047 1806 3106 ventremque
1852 3035 2085 3106 proluit,
2127 3048 2226 3088 etc.
2261 3061 2285 3082 ι.

1267 3113 1412 3168 Vide
1462 3127 1519 3167 et
1580 3133 1697 3185 cup.
1744 3111 1774 3166 5
1829 3111 2068 3186 ejusdem
2119 3113 2244 3168 libri
2273 3134 2291 3180 ς

1268 3191 1565 3248 Palladium
1584 3209 1808 3265 quoque
1831 3193 1868 3246 l.
1899 3211 1946 3246 c.
1969 3191 2152 3248 Hun-

1356 3289 1379 3326 ι
1388 3291 1441 3326 ο.
1453 3271 1616 3341 Supra
1627 3272 1822 3324 dietum.
1830 3271 2116 3324 Libentius
2135 3291 2288 3343 agno·

1268 3352 1439 3406 verim
1452 3389 1470 3417 ‚
1495 3355 1564 3404 sie
1585 3350 1872 3423 pradictum
1897 3369 1918 3404 .·
1943 3350 2092 3424 quasi
2110 3349 2256 3405 dicat
2273 3389 2289 3411 .

1270 3428 1567 3503 praedoctus
1596 3443 1733 3492 esto,
1785 3444 1846 3485 ut
1875 3449 1995 3502 cap.
2037 3450 2118 3503 sq.
2165 3421 2293 3497 Quo

1271 3511 1415 3566 enim
1454 3511 1575 3564 loco
1625 3509 1682 3564 id
1734 3523 1856 3564 ente
1893 3509 2094 3564 dixerit
2117 3549 2136 3578 ,
2181 3531 2294 3566 non

1271 3591 1523 3646 occurrit.
1550 3591 1734 3644 mun.

1358 3689 1447 3726 ιι.
1474 3670 1689 3742 Clodtmp
1703 3669 2294 3734 ita.Oculosnimirum‚

1272 3763 1333 3806 ut
1377 3751 1475 3823 qui
1518 3751 1806 3805 nictatione
1844 3750 2107 3805 laborant.
2161 3748 2294 3804 Inde

1268 3831 1501 3884 fortassis
1520 3828 1718 3886 Clodia
1731 3849 1860 3902 gens
1871 3829 2018 3903 apud
2031 3832 2296 3892 Romanos

1268 3929 1471 3966 nomen
1500 3911 1678 3964 traxit.
1701 3911 1887 3966 Hann.

1356 4009 1445 4045 ιο.
1489 3991 1594 4060 Qui
1621 3992 1850 4057 lentitius.
1902 3987 2254 4042 scribendum
2275 4027 2296 4053 ,
2340 3980 2347 3987 ⁴

1271 4092 1293 4112 ·
1320 4070 1433 4136 Qui
1458 4089 1634 4124 mares
1672 4069 1886 4141 concipi
1931 4066 2104 4132 voles,
2129 4081 2229 4120 etc.
2267 4093 2288 4114 2

1272 4149 1509 4220 alioquin
1551 4148 1852 4202 committes
1895 4146 2130 4199 Plinium
2175 4165 2296 4200 cum

1270 4229 1567 4284 Columella
1585 4265 1604 4295 ,
1647 4241 1700 4282 et
1728 4226 1873 4300 quod
1921 4225 2136 4296 gravius
2179 4239 2258 4282 est
2283 4266 2300 4292 .

1961 4318 2087 4405 22³
