3150 5150
864 590 1003 661 328
1392 596 1467 663 C.
1521 582 1861 664 PLlNll
1909 596 2128 665 NAT.
2181 594 2433 662 HIST.

862 724 1041 795 stius.
1098 728 1241 794 Lex
1292 728 1628 823 aptissima
1649 726 1736 815 ¹¹,
1811 740 2162 821 antequam
2229 748 2506 821 granum
2567 724 2962 809 indurescat,

864 844 933 899 et
986 854 1191 924 quum
1238 830 1377 924 jam
1434 835 1706 903 traxerit
1761 832 2073 903 colorem.
2118 830 2484 902 Oraculum
2531 854 2729 917 vero,
2777 832 2964 899 biduo

866 933 1143 1005 celerius
1188 960 1467 1005 messem
1513 938 1732 1009 facere
1768 940 2020 1034 potiuS,
2059 962 2257 1033 quam
2303 936 2506 1007 biduo
2549 939 2780 1007 serius.
2824 936 2955 1006 Sili-

866 1038 1095 1137 ginis'²
1125 1056 1193 1111 et
1224 1042 1423 1112 tritici
1452 1044 1651 1113 etiam
1693 1046 1863 1113 ratio
1907 1046 1976 1113 in
2015 1068 2168 1112 area
2201 1042 2594 1137 horreoque.
2635 1044 2798 1127 Far,
2833 1046 2965 1137 quia

864 1146 1223 1219 difficulter
1260 1150 1624 1233 excutitur,
1661 1152 1974 1219 convenit
2015 1172 2164 1218 cum
2209 1146 2397 1243 palea
2447 1172 2566 1217 sua
2625 1148 2824 1219 condi
2859 1176 2874 1215 ε
2907 1163 2964 1217 et

798 1266 832 1319 3
866 1252 1107 1349 stipula
1136 1268 1428 1341 tantum,
1466 1269 1534 1323 et
1568 1256 1786 1323 aristis
1818 1255 2152 1325 liberatur.
2188 1254 2383 1323 Palea
2426 1254 2650 1350 plures
2692 1256 2962 1349 gentium

864 1384 989 1454 pro
1019 1360 1173 1431 feno
1195 1374 1493 1430 utuntur.
1538 1360 1780 1430 Melior
1821 1385 1933 1441 ea,
1985 1386 2132 1457 quae
2175 1362 2470 1445 tenuior,
2453 1361 2965 1491 minutiorque,

864 1480 932 1534 et
966 1464 1220 1560 pulveri
1262 1468 1537 1587 propior
1585 1495 1602 1535 :
1651 1466 1800 1536 ideo
1845 1468 2098 1562 optima
2140 1492 2178 1535 e
2235 1452 2478 1535 milio¹3
2495 1520 2514 1553 ‚
2521 1468 2852 1561 proxima
2897 1490 2962 1533 ex

864 1572 1157 1659 hordeo,
1204 1575 1485 1667 pessima
1520 1596 1604 1641 ex
1639 1574 1892 1659 tritico,
1942 1586 2380 1693 praeterquam
2430 1573 2748 1665 jumentis
2787 1596 2962 1665 opere

868 1675 1337 1747 laborantibus.
1392 1677 1706 1749 Culmum
1761 1680 2006 1749 saxosis
2062 1676 2225 1747 locis
2265 1702 2478 1815 ιἹιιιιιιι
2537 1679 2817 1761 inaruit,
2867 1676 2960 1744 ba·

872 1780 1023 1853 culo
1066 1781 1414 1877 frangunt,
1466 1783 1802 1854 substratu
1865 1782 2331 1854 animalium'.
2378 1785 2448 1853 Si
2491 1782 2682 1877 palea
2718 1783 2962 1869 defecit,

868 1902 934 1957 et
996 1886 1255 1957 culmus
1306 1890 1563 1959 teritur.
1605 1892 1804 1960 Ratio
1845 1892 1988 1961 haec
2039 1917 2056 1959 ε
2114 1890 2434 1959 maturius
2465 1889 2804 1977 desectus,
2841 1914 2960 1957 mu·

866 1994 965 2062 ria
1024 1994 1139 2063 diu
1193 2018 1563 2091 respersuS,
1625 1996 1864 2068 dehinc
1923 1998 2200 2067 siccatus
2253 1997 2320 2065 in
2384 1994 2760 2091 manipulos
2821 2020 2960 2063 con-

865 2098 1193 2189 volvitur,
1224 2115 1421 2197 atque
1456 2104 1549 2176 ita
1589 2128 1714 2199 pro
1749 2104 1903 2173 feno
1929 2103 2146 2173 bubus
2171 2103 2383 2172 datur.
2411 2104 2580 2173 Sunt
2611 2105 2728 2197 qui
2755 2126 2962 2171 accen-

866 2206 1030 2276 dant
1078 2208 1145 2275 in
1209 2231 1373 2277 arvo
1439 2224 1508 2277 et
1585 2208 1887 2305 stipulas,
1949 2234 2192 2303 magno
2246 2194 2573 2305 Virgilii¹25
2641 2209 2960 2303 praeconio.

869 2314 1142 2383 Summa
1171 2300 1459 2385 autem¹⁶
1489 2313 1631 2409 ejus
1667 2319 1874 2405 ratio,
1913 2329 1988 2385 ut
2023 2314 2381 2385 herbarum
2426 2338 2653 2384 semen
2693 2326 2958 2385 exurant.

868 2564 1047 2608 menta
1070 2550 1409 2626 grandescere
1420 2595 1437 2618 ,
1450 2572 1512 2608 ac
1526 2554 1565 2608 si
1581 2558 1884 2628 tempestive

868 2632 1041 2688 decisa
1078 2633 1184 2687 sint
1204 2670 1219 2691 .
1258 2647 1443 2705 postca
1482 2653 1670 2706 capere
1713 2637 1884 2690 incre·

870 2725 1106 2766 mentum
1122 2751 1139 2778 ,
1169 2725 1356 2767 auctor
1378 2727 1455 2767 est
1479 2715 1637 2767 etiam
1671 2715 1882 2770 Colum.

868 2791 973 2846 loc.
998 2793 1089 2846 cit.
1113 2789 1292 2844 liano.

956 2887 1045 2926 ιι.
1076 2871 1179 2924 Lex
1196 2875 1455 2941 aptissima.
1483 2872 1763 2927 Columell.
1785 2875 1885 2927 loc.

870 2952 957 3006 cit.
992 2977 1014 2998 ι
1042 2951 1395 3006 Recrastiuari
1431 2971 1539 3006 non
1573 2953 1734 3006 debet
1750 2994 1766 3019 ,
1797 2953 1889 3007 sed

1967 2556 2214 2630 prasidio,
2234 2568 2392 2611 suut:
2415 2572 2488 2610 eo
2509 2554 2805 2628 probantur
2821 2550 2961 2606 maxi-

1970 2657 2058 2691 me
2083 2657 2114 2691 e
2140 2637 2289 2690 milio
2306 2677 2323 2702 ,
2354 2649 2470 2690 tum
2513 2654 2577 2689 ex
2605 2633 2833 2699 hordeo,
2861 2649 2961 2685 mox

1972 2718 2130 2770 etiam
2158 2734 2223 2769 ex
2251 2716 2446 2769 tritico.
2471 2741 2494 2763 ι
2525 2715 2716 2769 Ham).

2059 2815 2084 2850 ι
2097 2803 2148 2860 4.
2175 2795 2430 2848 Substmtu
2448 2795 2746 2848 animalium.
2765 2793 2836 2844 Ut
2853 2803 2962 2843 stra·

1973 2875 2137 2928 menti
2180 2875 2297 2927 vioe
2345 2873 2662 2927 animalibus
2705 2873 2963 2925 substerna-

1975 2967 2066 3008 tur
2103 2954 2159 3006 in
2195 2953 2416 3007 hiberna
2445 2953 2812 3007 stabulatione.
2839 2949 2896 3001 H.

870 3031 1137 3103 aqualiter
1160 3030 1475 3084 flaventibus
1490 3034 1600 3104 jam
1623 3034 1770 3100 satis,
1795 3052 1888 3086 an·

871 3124 1083 3183 tequam
1107 3129 1173 3165 ex
1194 3123 1309 3164 toto
1334 3129 1492 3182 grana
1518 3111 1887 3178 indurescant,

871 3209 1037 3262 quum
1062 3189 1419 3245 rubicundum
1446 3192 1678 3245 colorem
1715 3205 1889 3244 traxe-

871 3281 1027 3332 runt,
1048 3269 1227 3322 messis
1247 3269 1485 3324 facienda
1506 3285 1584 3324 est
1598 3305 1614 3330 ,
1633 3283 1692 3324 ut
1713 3273 1890 3343 potius

874 3349 931 3400 in
958 3367 1077 3401 area
1095 3361 1147 3402 et
1170 3350 1229 3403 in
1250 3367 1435 3404 acervo
1452 3384 1468 3412 ‚
1493 3369 1654 3422 quam
1681 3353 1738 3404 iu
1763 3369 1890 3422 agro

872 3425 1221 3495 grandescant
1244 3429 1524 3484 frumenta.
1547 3455 1569 3478 n
1599 3429 1781 3484 Ham).

960 3523 1043 3558 ra.
1085 3505 1322 3576 Siliginis.
1369 3507 1484 3562 Hoc
1508 3527 1634 3563 eum
1664 3511 1894 3564 arbitror

874 3583 1040 3647 velle,
1080 3583 1225 3653 quod
1274 3587 1445 3640 statim
1492 3605 1555 3642 ex
1599 3590 1892 3643 Columella

874 3661 1104 3714 diximus
1129 3663 1185 3714 in
1210 3682 1330 3718 area
1350 3678 1403 3717 et
1436 3665 1491 3718 in
1517 3685 1707 3721 acervo
1729 3670 1892 3741 magis

874 3759 1036 3812 quam
1064 3741 1123 3793 in
1163 3760 1322 3812 agro,
1363 3744 1626 3800 frumenta
1671 3749 1892 3818 grande·

874 3839 1037 3876 scere.
1077 3821 1261 3874 Han).

963 3901 1053 3953 13.
1079 3901 1199 3953 Ideo
1223 3903 1401 3971 opte‘ma
1433 3923 1459 3954 e
1488 3907 1638 3956 milio.
1685 3905 1770 3957 Ad
1799 3925 1894 3977 pa-

871 3981 1059 4033 bulum
1074 3980 1275 4034 scilicet
1283 3983 1647 4050 jumentorum
1657 4025 1669 4036 .
1683 3985 1892 4038 Colum.

871 4060 963 4114 lib.
988 4060 1095 4125 v1,
1119 4079 1235 4132 αφ.
1276 4063 1307 4115 3
1330 4081 1346 4114 :
1364 4062 1582 4116 ·Minus
1610 4065 1894 4117 commode

874 4151 1083 4192 tuemur
1108 4154 1405 4194 armentum
1428 4143 1594 4213 paleis
1611 4183 1624 4210 ,
1642 4163 1758 4215 quae
1777 4147 1895 4198 ubi·

876 4235 979 4286 que
1002 4231 1053 4273 et
1078 4221 1394 4290 quibusdam
1425 4224 1733 4293 regionibus
1767 4226 1890 4280 solae

2061 3035 2148 3087 15.
2183 3035 2236 3085 V
2233 3033 2386 3102 irgilie'
2405 3036 2670 3103 preconio.
2707 3031 2885 3100 Georg.
2910 3027 2959 3090 1,

1976 3131 2112 3166 vera.
2142 3115 2214 3177 84
2237 3131 2254 3167 ι
2282 3113 2466 3182 -Saepe
2501 3112 2662 3166 etiam
2685 3111 2870 3164 steriles
2895 3107 2962 3159 in·

1978 3191 2204 3246 cendere
2223 3190 2426 3264 profuit
2444 3209 2594 3263 agros
2608 3232 2625 3259 ,
2637 3193 2803 3261 Atque
2819 3189 2962 3240 levem

1977 3272 2224 3346 stipula-m
2269 3272 2650 3344 crepitantibus
2677 3287 2826 3324 urere
2844 3267 2964 3320 flam·

1976 3352 2128 3405 mis.
2116 3368 2130 3382 ·
2156 3349 2278 3404 Sive
2325 3351 2452 3404 inde
2499 3351 2730 3405 occultas
2767 3347 2891 3400 vires
2923 3355 2964 3394 et

1976 3431 2172 3502 pabula
2199 3444 2338 3484 terra
2381 3430 2602 3523 Pinguia
2641 3427 2963 3498 concipiunt:

1978 3513 2087 3564 sive
2107 3511 2212 3563 illis
2233 3529 2393 3564 omne
2416 3529 2514 3582 per
2537 3510 2714 3580 ignem
2741 3502 2966 3574 Excoqui·

1979 3603 2066 3643 tur
2093 3590 2313 3654 vitium,
2337 3603 2496 3662 atque
2541 3587 2760 3642 exsudat
2795 3581 2965 3638 inutilis

1977 3670 2206 3734 humor,
2235 3682 2334 3722 etc.
2359 3669 2601 3722 dhan.

2066 3769 2087 3803 1
2101 3752 2154 3803 6.
2189 3695 2386 3801 Summe-2
2403 3759 2576 3801 autem.
2600 3747 2884 3816 precipua,
2903 3758 2967 3791 ln·

1981 3829 2098 3900 quit
2113 3866 2128 3893 ,
2152 3828 2457 3900 optimaque
2485 3829 2622 3880 ratio
2647 3821 2851 3895 Virgilii
2873 3831 2964 3881 est,

1981 3922 2042 3962 ut
2065 3909 2352 3962 herbarum
2373 3907 2638 3960 inutilium
2662 3905 2848 3959 semina
2865 3901 2966 3969 igne

1983 3986 2470 4041 exurantur.1{unc
2496 3987 2654 4058 igitur
2675 3983 2963 4038 intellectum

1981 4067 2187 4120 Plinius
2227 4067 2434 4138 putavit
2461 4083 2570 4119 esse
2593 4067 2780 4117 borum
2808 4059 2964 4113 verbo·

1981 4165 2132 4211 rum,
2145 4165 2342 4200 -omne
2361 4163 2458 4218 per
2479 4145 2650 4214 ignem
2669 4137 2964 4211 Excoquitur

1979 4227 2182 4284 uuum.
2221 4253 2242 4274 ι
2295 4227 2408 4280 Alii
2442 4245 2622 4278 suma
2671 4234 2817 4276 autem
2857 4217 2962 4268 meio
