<?xml version="1.0" encoding="UTF-8"?>
<!DOCTYPE html PUBLIC "-//W3C//DTD XHTML 1.0 Transitional//EN"
    "http://www.w3.org/TR/xhtml1/DTD/xhtml1-transitional.dtd">
<html xmlns="http://www.w3.org/1999/xhtml" xml:lang="en" lang="en">
 <head>
  <title>
</title>
<meta http-equiv="Content-Type" content="text/html;charset=utf-8" />
  <meta name='ocr-system' content='tesseract 3.04.00' />
  <meta name='ocr-capabilities' content='ocr_page ocr_carea ocr_par ocr_line ocrx_word'/>
</head>
<body>
  <div class='ocr_page' id='page_1' title='image "./caiipliniisecun01hardgoog_0503.png"; bbox 0 0 3150 5150; ppageno 0'>
   <div class='ocr_carea' id='block_1_1' title="bbox 570 511 1972 666">
    <p class='ocr_par' dir='ltr' id='par_1_1' title="bbox 570 511 1972 666">
     <span class='ocr_line' id='line_1_1' title="bbox 570 511 1972 666; baseline -0.004 0"><span class='ocrx_word' id='word_1_1' title='bbox 570 511 679 666; x_wconf 71' lang='grc' dir='ltr'>(ἒ.</span> <span class='ocrx_word' id='word_1_2' title='bbox 752 559 1225 664; x_wconf 75' lang='lat' dir='ltr'><strong>PLINII</strong></span> <span class='ocrx_word' id='word_1_3' title='bbox 1294 555 1972 666; x_wconf 73' lang='lat' dir='ltr'><strong>SECUNDI</strong></span> 
     </span>
    </p>
   </div>
   <div class='ocr_carea' id='block_1_2' title="bbox 215 827 2330 1204">
    <p class='ocr_par' dir='ltr' id='par_1_2' title="bbox 215 827 2330 1204">
     <span class='ocr_line' id='line_1_2' title="bbox 215 827 2330 958; baseline -0.003 -1"><span class='ocrx_word' id='word_1_4' title='bbox 215 831 1311 958; x_wconf 86' lang='lat' dir='ltr'><strong>NATURALIS</strong></span> <span class='ocrx_word' id='word_1_5' title='bbox 1384 827 2330 952; x_wconf 89' lang='lat' dir='ltr'>HISTORIAE</span> 
     </span>
     <span class='ocr_line' id='line_1_3' title="bbox 930 1081 1610 1204; baseline -0.007 0"><span class='ocrx_word' id='word_1_6' title='bbox 930 1081 1315 1204; x_wconf 67' lang='lat' dir='ltr'>LIBEn</span> <span class='ocrx_word' id='word_1_7' title='bbox 1388 1115 1610 1200; x_wconf 84' lang='lat' dir='ltr'>XX.</span> 
     </span>
    </p>
   </div>
   <div class='ocr_carea' id='block_1_3' title="bbox 662 1359 1880 1395">
    <p class='ocr_par' dir='ltr' id='par_1_3' title="bbox 662 1359 1880 1395">
     <span class='ocr_line' id='line_1_4' title="bbox 662 1359 1880 1395; baseline 0 3755"><span class='ocrx_word' id='word_1_8' title='bbox 662 1359 1880 1395; x_wconf 95' lang='lat' dir='ltr'> </span> 
     </span>
    </p>
   </div>
   <div class='ocr_carea' id='block_1_4' title="bbox 202 1533 2432 2732">
    <p class='ocr_par' dir='ltr' id='par_1_4' title="bbox 202 1533 2432 2732">
     <span class='ocr_line' id='line_1_5' title="bbox 210 1533 2432 1670; baseline 0.001 -28"><span class='ocrx_word' id='word_1_9' title='bbox 210 1579 260 1642; x_wconf 94' lang='lat' dir='ltr'>l.</span> <span class='ocrx_word' id='word_1_10' title='bbox 290 1533 733 1650; x_wconf 65' lang='lat' dir='ltr'>Maximum</span> <span class='ocrx_word' id='word_1_11' title='bbox 784 1575 941 1645; x_wconf 88' lang='lat' dir='ltr'>hinc</span> <span class='ocrx_word' id='word_1_12' title='bbox 983 1599 1153 1670; x_wconf 87' lang='lat' dir='ltr'>opus</span> <span class='ocrx_word' id='word_1_13' title='bbox 1192 1590 1445 1645; x_wconf 83' lang='lat' dir='ltr'>naturae</span> <span class='ocrx_word' id='word_1_14' title='bbox 1474 1575 1836 1654; x_wconf 86' lang='lat' dir='ltr'><strong>ordiemur,</strong></span> <span class='ocrx_word' id='word_1_15' title='bbox 1869 1589 1936 1644; x_wconf 90' lang='lat' dir='ltr'>et</span> <span class='ocrx_word' id='word_1_16' title='bbox 1963 1573 2146 1646; x_wconf 90' lang='lat' dir='ltr'>cibos</span> <span class='ocrx_word' id='word_1_17' title='bbox 2181 1601 2334 1647; x_wconf 91' lang='lat' dir='ltr'>suos</span> <span class='ocrx_word' id='word_1_18' title='bbox 2374 1610 2398 1645; x_wconf 82' lang='lat'>1</span> <span class='ocrx_word' id='word_1_19' title='bbox 2426 1625 2432 1632; x_wconf 79' lang='grc'><strong>-</strong></span> 
     </span>
     <span class='ocr_line' id='line_1_6' title="bbox 206 1680 2335 1778; baseline 0.002 -31"><span class='ocrx_word' id='word_1_20' title='bbox 206 1680 459 1752; x_wconf 87' lang='lat' dir='ltr'>homini</span> <span class='ocrx_word' id='word_1_21' title='bbox 511 1681 967 1766; x_wconf 77' lang='lat' dir='ltr'>narrabimus,</span> <span class='ocrx_word' id='word_1_22' title='bbox 1012 1681 1328 1776; x_wconf 88' lang='lat' dir='ltr'>faterique</span> <span class='ocrx_word' id='word_1_23' title='bbox 1365 1706 1681 1776; x_wconf 85' lang='lat' dir='ltr'>cogemus</span> <span class='ocrx_word' id='word_1_24' title='bbox 1717 1683 1943 1776; x_wconf 84' lang='lat' dir='ltr'>ignota</span> <span class='ocrx_word' id='word_1_25' title='bbox 1979 1706 2156 1768; x_wconf 88' lang='lat' dir='ltr'>esse,</span> <span class='ocrx_word' id='word_1_26' title='bbox 2215 1705 2335 1778; x_wconf 85' lang='lat' dir='ltr'>per</span> 
     </span>
     <span class='ocr_line' id='line_1_7' title="bbox 206 1787 2335 1882; baseline 0.001 -26"><span class='ocrx_word' id='word_1_27' title='bbox 206 1813 355 1882; x_wconf 77' lang='lat' dir='ltr'>quae</span> <span class='ocrx_word' id='word_1_28' title='bbox 396 1790 597 1858; x_wconf 85' lang='lat' dir='ltr'>vivat.</span> <span class='ocrx_word' id='word_1_29' title='bbox 642 1791 859 1858; x_wconf 90' lang='lat' dir='ltr'>Nemo</span> <span class='ocrx_word' id='word_1_30' title='bbox 900 1787 969 1855; x_wconf 92' lang='lat' dir='ltr'>id</span> <span class='ocrx_word' id='word_1_31' title='bbox 1010 1811 1289 1882; x_wconf 88' lang='lat' dir='ltr'>parvum</span> <span class='ocrx_word' id='word_1_32' title='bbox 1332 1811 1410 1856; x_wconf 88' lang='lat' dir='ltr'>ac</span> <span class='ocrx_word' id='word_1_33' title='bbox 1455 1787 1788 1856; x_wconf 86' lang='lat' dir='ltr'>modicum</span> <span class='ocrx_word' id='word_1_34' title='bbox 1828 1787 2335 1870; x_wconf 81' lang='lat' dir='ltr'>existimaverit,</span> 
     </span>
     <span class='ocr_line' id='line_1_8' title="bbox 207 1892 2332 1988; baseline 0.002 -28"><span class='ocrx_word' id='word_1_35' title='bbox 207 1896 549 1964; x_wconf 87' lang='lat' dir='ltr'>nominum</span> <span class='ocrx_word' id='word_1_36' title='bbox 583 1893 835 1964; x_wconf 83' lang='lat' dir='ltr'>vilitate</span> <span class='ocrx_word' id='word_1_37' title='bbox 869 1893 1205 1988; x_wconf 88' lang='lat' dir='ltr'>deceptus.</span> <span class='ocrx_word' id='word_1_38' title='bbox 1250 1897 1387 1962; x_wconf 88' lang='lat' dir='ltr'>Pax</span> <span class='ocrx_word' id='word_1_39' title='bbox 1436 1892 1630 1964; x_wconf 88' lang='lat' dir='ltr'>simul</span> <span class='ocrx_word' id='word_1_40' title='bbox 1673 1895 1739 1962; x_wconf 91' lang='lat' dir='ltr'>in</span> <span class='ocrx_word' id='word_1_41' title='bbox 1785 1894 1890 1963; x_wconf 87' lang='lat' dir='ltr'>his</span> <span class='ocrx_word' id='word_1_42' title='bbox 1929 1910 2044 1965; x_wconf 89' lang='lat' dir='ltr'>aut</span> <span class='ocrx_word' id='word_1_43' title='bbox 2089 1892 2332 1964; x_wconf 89' lang='lat' dir='ltr'>bellum</span> 
     </span>
     <span class='ocr_line' id='line_1_9' title="bbox 208 1999 2334 2094; baseline 0.002 -27"><span class='ocrx_word' id='word_1_44' title='bbox 208 2015 457 2068; x_wconf 83' lang='lat' dir='ltr'>naturae</span> <span class='ocrx_word' id='word_1_45' title='bbox 514 2000 773 2070; x_wconf 91' lang='lat' dir='ltr'>dicetur</span> <span class='ocrx_word' id='word_1_46' title='bbox 792 2051 811 2086; x_wconf 92' lang='lat'>,</span> <span class='ocrx_word' id='word_1_47' title='bbox 855 1999 1041 2084; x_wconf 85' lang='lat' dir='ltr'>odia,</span> <span class='ocrx_word' id='word_1_48' title='bbox 1089 2001 1520 2094; x_wconf 67' lang='lat' dir='ltr'>amicitiaeque</span> <span class='ocrx_word' id='word_1_49' title='bbox 1574 2025 1796 2069; x_wconf 86' lang='lat' dir='ltr'>rerum</span> <span class='ocrx_word' id='word_1_50' title='bbox 1852 2001 2200 2072; x_wconf 88' lang='lat' dir='ltr'>surdarum</span> <span class='ocrx_word' id='word_1_51' title='bbox 2255 2025 2334 2072; x_wconf 89' lang='lat' dir='ltr'>ac</span> 
     </span>
     <span class='ocr_line' id='line_1_10' title="bbox 205 2106 2332 2200; baseline 0.001 -26"><span class='ocrx_word' id='word_1_52' title='bbox 205 2131 401 2176; x_wconf 88' lang='lat' dir='ltr'>sensu</span> <span class='ocrx_word' id='word_1_53' title='bbox 441 2107 849 2175; x_wconf 89' lang='lat' dir='ltr'>carentium:</span> <span class='ocrx_word' id='word_1_54' title='bbox 896 2120 996 2189; x_wconf 80' lang='lat' dir='ltr'>et,</span> <span class='ocrx_word' id='word_1_55' title='bbox 1039 2131 1173 2199; x_wconf 89' lang='lat' dir='ltr'>quo</span> <span class='ocrx_word' id='word_1_56' title='bbox 1213 2107 1423 2200; x_wconf 84' lang='lat' dir='ltr'>magis</span> <span class='ocrx_word' id='word_1_57' title='bbox 1458 2106 1800 2192; x_wconf 82' lang='lat' dir='ltr'>miremur,</span> <span class='ocrx_word' id='word_1_58' title='bbox 1836 2109 2058 2175; x_wconf 87' lang='lat' dir='ltr'>omnia</span> <span class='ocrx_word' id='word_1_59' title='bbox 2095 2131 2172 2175; x_wconf 89' lang='lat' dir='ltr'>ea</span> <span class='ocrx_word' id='word_1_60' title='bbox 2214 2107 2332 2176; x_wconf 87' lang='lat' dir='ltr'>ho-</span> 
     </span>
     <span class='ocr_line' id='line_1_11' title="bbox 204 2209 2336 2307; baseline 0.001 -27"><span class='ocrx_word' id='word_1_61' title='bbox 204 2213 457 2282; x_wconf 88' lang='lat' dir='ltr'>minum</span> <span class='ocrx_word' id='word_1_62' title='bbox 482 2211 895 2306; x_wconf 85' lang='lat' dir='ltr'>causa‚quod</span> <span class='ocrx_word' id='word_1_63' title='bbox 914 2213 1130 2281; x_wconf 85' lang='lat' dir='ltr'>Graeci</span> <span class='ocrx_word' id='word_1_64' title='bbox 1154 2211 1590 2306; x_wconf 81' lang='lat' dir='ltr'>sympathiam</span> <span class='ocrx_word' id='word_1_65' title='bbox 1621 2209 2068 2306; x_wconf 78' lang='lat' dir='ltr'>appellavere:</span> <span class='ocrx_word' id='word_1_66' title='bbox 2097 2213 2336 2307; x_wconf 87' lang='lat' dir='ltr'>quibus</span> 
     </span>
     <span class='ocr_line' id='line_1_12' title="bbox 203 2317 2335 2413; baseline 0 -28"><span class='ocrx_word' id='word_1_67' title='bbox 203 2333 447 2388; x_wconf 86' lang='lat' dir='ltr'>cuncta</span> <span class='ocrx_word' id='word_1_68' title='bbox 474 2333 782 2388; x_wconf 87' lang='lat' dir='ltr'>constant</span> <span class='ocrx_word' id='word_1_69' title='bbox 803 2317 847 2405; x_wconf 85' lang='lat'>¹,</span> <span class='ocrx_word' id='word_1_70' title='bbox 879 2319 1063 2412; x_wconf 87' lang='lat' dir='ltr'>ignes</span> <span class='ocrx_word' id='word_1_71' title='bbox 1094 2318 1278 2411; x_wconf 91' lang='lat' dir='ltr'>aquis</span> <span class='ocrx_word' id='word_1_72' title='bbox 1318 2317 1874 2412; x_wconf 85' lang='lat' dir='ltr'>restinguentibus</span> <span class='ocrx_word' id='word_1_73' title='bbox 1894 2368 1915 2400; x_wconf 84' lang='lat'>‚</span> <span class='ocrx_word' id='word_1_74' title='bbox 1953 2343 2156 2413; x_wconf 90' lang='lat' dir='ltr'>aquas</span> <span class='ocrx_word' id='word_1_75' title='bbox 2197 2318 2335 2388; x_wconf 84' lang='lat' dir='ltr'>sole</span> 
     </span>
     <span class='ocr_line' id='line_1_13' title="bbox 202 2421 2334 2519; baseline 0 -27"><span class='ocrx_word' id='word_1_76' title='bbox 202 2424 570 2494; x_wconf 80' lang='lat' dir='ltr'>devorante</span> <span class='ocrx_word' id='word_1_77' title='bbox 588 2477 609 2510; x_wconf 82' lang='grc'><em>,</em></span> <span class='ocrx_word' id='word_1_78' title='bbox 640 2423 797 2493; x_wconf 88' lang='lat' dir='ltr'>luna</span> <span class='ocrx_word' id='word_1_79' title='bbox 826 2425 1156 2519; x_wconf 81' lang='lat' dir='ltr'>pariente,</span> <span class='ocrx_word' id='word_1_80' title='bbox 1180 2421 1389 2493; x_wconf 88' lang='lat' dir='ltr'>altero</span> <span class='ocrx_word' id='word_1_81' title='bbox 1414 2421 1685 2493; x_wconf 88' lang='lat' dir='ltr'>alterius</span> <span class='ocrx_word' id='word_1_82' title='bbox 1720 2423 1962 2517; x_wconf 89' lang='lat' dir='ltr'>injuria</span> <span class='ocrx_word' id='word_1_83' title='bbox 1989 2424 2334 2494; x_wconf 84' lang='lat' dir='ltr'>deficiente</span> 
     </span>
     <span class='ocr_line' id='line_1_14' title="bbox 206 2527 2404 2625; baseline -0.002 -26"><span class='ocrx_word' id='word_1_84' title='bbox 206 2529 438 2599; x_wconf 89' lang='lat' dir='ltr'>sidere.</span> <span class='ocrx_word' id='word_1_85' title='bbox 467 2533 682 2625; x_wconf 83' lang='lat' dir='ltr'>Atque</span> <span class='ocrx_word' id='word_1_86' title='bbox 710 2545 786 2599; x_wconf 91' lang='lat' dir='ltr'>ut</span> <span class='ocrx_word' id='word_1_87' title='bbox 809 2555 849 2600; x_wconf 90' lang='lat' dir='ltr'>a</span> <span class='ocrx_word' id='word_1_88' title='bbox 876 2527 1367 2601; x_wconf 85' lang='lat' dir='ltr'>sublimioribus</span> <span class='ocrx_word' id='word_1_89' title='bbox 1396 2530 1812 2614; x_wconf 80' lang='lat' dir='ltr'>recedamuS‚</span> <span class='ocrx_word' id='word_1_90' title='bbox 1856 2529 2120 2600; x_wconf 76' lang='lat' dir='ltr'>ferrum·</span> <span class='ocrx_word' id='word_1_91' title='bbox 2140 2530 2225 2600; x_wconf 90' lang='lat' dir='ltr'>ad</span> <span class='ocrx_word' id='word_1_92' title='bbox 2265 2554 2334 2601; x_wconf 88' lang='lat' dir='ltr'>se</span> <span class='ocrx_word' id='word_1_93' title='bbox 2373 2558 2404 2595; x_wconf 67' lang='grc' dir='ltr'><strong>α</strong></span> 
     </span>
     <span class='ocr_line' id='line_1_15' title="bbox 204 2635 2332 2732; baseline 0 -27"><span class='ocrx_word' id='word_1_94' title='bbox 204 2638 511 2707; x_wconf 80' lang='lat' dir='ltr'>trahente</span> <span class='ocrx_word' id='word_1_95' title='bbox 544 2650 853 2731; x_wconf 83' lang='lat' dir='ltr'>magnete</span> <span class='ocrx_word' id='word_1_96' title='bbox 882 2636 1131 2732; x_wconf 87' lang='lat' dir='ltr'>lapide,</span> <span class='ocrx_word' id='word_1_97' title='bbox 1162 2653 1229 2707; x_wconf 85' lang='lat' dir='ltr'>et</span> <span class='ocrx_word' id='word_1_98' title='bbox 1257 2636 1385 2706; x_wconf 87' lang='lat' dir='ltr'>alio</span> <span class='ocrx_word' id='word_1_99' title='bbox 1422 2662 1650 2706; x_wconf 90' lang='lat' dir='ltr'>rursus</span> <span class='ocrx_word' id='word_1_100' title='bbox 1691 2635 2026 2731; x_wconf 82' lang='lat' dir='ltr'>abigente²</span> <span class='ocrx_word' id='word_1_101' title='bbox 2072 2661 2111 2706; x_wconf 89' lang='lat' dir='ltr'>a</span> <span class='ocrx_word' id='word_1_102' title='bbox 2149 2662 2332 2709; x_wconf 86' lang='lat' dir='ltr'>sese:</span> 
     </span>
    </p>
   </div>
   <div class='ocr_carea' id='block_1_5' title="bbox 182 2838 1231 4259">
    <p class='ocr_par' dir='ltr' id='par_1_5' title="bbox 188 2838 1231 3943">
     <span class='ocr_line' id='line_1_16' title="bbox 280 2838 1223 2907; baseline 0.002 -18"><span class='ocrx_word' id='word_1_103' title='bbox 280 2838 327 2889; x_wconf 89' lang='lat' dir='ltr'>l.</span> <span class='ocrx_word' id='word_1_104' title='bbox 351 2856 373 2889; x_wconf 79' lang='lat'>¹</span> <span class='ocrx_word' id='word_1_105' title='bbox 386 2876 398 2891; x_wconf 93' lang='lat'><strong>.</strong></span> <span class='ocrx_word' id='word_1_106' title='bbox 424 2838 612 2907; x_wconf 77' lang='lat' dir='ltr'>Quibus</span> <span class='ocrx_word' id='word_1_107' title='bbox 629 2850 800 2890; x_wconf 81' lang='lat' dir='ltr'>cuncta</span> <span class='ocrx_word' id='word_1_108' title='bbox 828 2850 1065 2891; x_wconf 79' lang='lat' dir='ltr'>constant.</span> <span class='ocrx_word' id='word_1_109' title='bbox 1088 2838 1223 2891; x_wconf 78' lang='lat' dir='ltr'>Mira</span> 
     </span>
     <span class='ocr_line' id='line_1_17' title="bbox 199 2917 1225 2988; baseline 0.002 -19"><span class='ocrx_word' id='word_1_110' title='bbox 199 2930 279 2969; x_wconf 84' lang='lat' dir='ltr'>est</span> <span class='ocrx_word' id='word_1_111' title='bbox 296 2956 313 2981; x_wconf 94' lang='lat'>‚</span> <span class='ocrx_word' id='word_1_112' title='bbox 340 2917 543 2988; x_wconf 84' lang='lat' dir='ltr'>inquit,</span> <span class='ocrx_word' id='word_1_113' title='bbox 567 2936 748 2970; x_wconf 88' lang='lat' dir='ltr'>rerum</span> <span class='ocrx_word' id='word_1_114' title='bbox 779 2917 935 2971; x_wconf 88' lang='lat' dir='ltr'>etiam</span> <span class='ocrx_word' id='word_1_115' title='bbox 958 2936 1111 2972; x_wconf 83' lang='lat' dir='ltr'>sensu</span> <span class='ocrx_word' id='word_1_116' title='bbox 1140 2936 1225 2971; x_wconf 85' lang='lat' dir='ltr'>ca-</span> 
     </span>
     <span class='ocr_line' id='line_1_18' title="bbox 198 2996 1225 3069; baseline 0.001 -20"><span class='ocrx_word' id='word_1_117' title='bbox 198 3002 435 3049; x_wconf 77' lang='lat' dir='ltr'>rentium</span> <span class='ocrx_word' id='word_1_118' title='bbox 455 2997 729 3051; x_wconf 84' lang='lat' dir='ltr'>consensio</span> <span class='ocrx_word' id='word_1_119' title='bbox 749 3009 802 3050; x_wconf 87' lang='lat' dir='ltr'>et</span> <span class='ocrx_word' id='word_1_120' title='bbox 817 2996 1137 3069; x_wconf 76' lang='lat' dir='ltr'>conspiratio</span> <span class='ocrx_word' id='word_1_121' title='bbox 1160 2996 1225 3050; x_wconf 86' lang='lat' dir='ltr'>ad</span> 
     </span>
     <span class='ocr_line' id='line_1_19' title="bbox 196 3074 1224 3147; baseline 0.003 -20"><span class='ocrx_word' id='word_1_122' title='bbox 196 3076 487 3129; x_wconf 83' lang='lat' dir='ltr'>hominnm</span> <span class='ocrx_word' id='word_1_123' title='bbox 526 3075 779 3129; x_wconf 70' lang='lat' dir='ltr'>utilitates</span> <span class='ocrx_word' id='word_1_124' title='bbox 818 3074 1178 3147; x_wconf 82' lang='lat' dir='ltr'>procurandas</span> <span class='ocrx_word' id='word_1_125' title='bbox 1206 3096 1224 3135; x_wconf 70' lang='grc' dir='ltr'>ε</span> 
     </span>
     <span class='ocr_line' id='line_1_20' title="bbox 196 3154 1229 3228; baseline 0.001 -21"><span class='ocrx_word' id='word_1_126' title='bbox 196 3174 362 3225; x_wconf 82' lang='lat' dir='ltr'>quam</span> <span class='ocrx_word' id='word_1_127' title='bbox 380 3156 825 3228; x_wconf 76' lang='lat' dir='ltr'>conspirationem</span> <span class='ocrx_word' id='word_1_128' title='bbox 847 3174 909 3209; x_wconf 82' lang='lat' dir='ltr'>ac</span> <span class='ocrx_word' id='word_1_129' title='bbox 922 3154 1083 3209; x_wconf 80' lang='lat' dir='ltr'>veluti</span> <span class='ocrx_word' id='word_1_130' title='bbox 1106 3174 1229 3208; x_wconf 90' lang='lat' dir='ltr'>con-</span> 
     </span>
     <span class='ocr_line' id='line_1_21' title="bbox 197 3231 1231 3297; baseline -0.001 -10"><span class='ocrx_word' id='word_1_131' title='bbox 197 3234 491 3287; x_wconf 79' lang='lat' dir='ltr'>dolentiam</span> <span class='ocrx_word' id='word_1_132' title='bbox 502 3251 553 3297; x_wconf 83' lang='lat' dir='ltr'>et</span> <span class='ocrx_word' id='word_1_133' title='bbox 560 3234 1073 3289; x_wconf 87' lang='lat' dir='ltr'>commiserationem</span> <span class='ocrx_word' id='word_1_134' title='bbox 1084 3231 1231 3289; x_wconf 75' lang='lat' dir='ltr'>Grae-</span> 
     </span>
     <span class='ocr_line' id='line_1_22' title="bbox 196 3314 1228 3385; baseline 0.002 -20"><span class='ocrx_word' id='word_1_135' title='bbox 196 3314 249 3366; x_wconf 84' lang='lat' dir='ltr'>ci</span> <span class='ocrx_word' id='word_1_136' title='bbox 274 3314 587 3384; x_wconf 74' lang='grc' dir='ltr'>συμπάθειαν</span> <span class='ocrx_word' id='word_1_137' title='bbox 618 3327 838 3379; x_wconf 79' lang='lat' dir='ltr'>vocant3</span> <span class='ocrx_word' id='word_1_138' title='bbox 872 3314 970 3367; x_wconf 85' lang='lat' dir='ltr'>etsi</span> <span class='ocrx_word' id='word_1_139' title='bbox 1004 3315 1153 3385; x_wconf 79' lang='lat' dir='ltr'>ignes</span> <span class='ocrx_word' id='word_1_140' title='bbox 1176 3327 1228 3367; x_wconf 84' lang='lat' dir='ltr'>et</span> 
     </span>
     <span class='ocr_line' id='line_1_23' title="bbox 195 3390 1227 3465; baseline 0.002 -20"><span class='ocrx_word' id='word_1_141' title='bbox 195 3412 353 3465; x_wconf 65' lang='lat' dir='ltr'>aqua</span> <span class='ocrx_word' id='word_1_142' title='bbox 382 3394 583 3465; x_wconf 83' lang='lat' dir='ltr'>quibus</span> <span class='ocrx_word' id='word_1_143' title='bbox 611 3406 802 3447; x_wconf 84' lang='lat' dir='ltr'>cuncta</span> <span class='ocrx_word' id='word_1_144' title='bbox 842 3406 1080 3447; x_wconf 81' lang='lat' dir='ltr'>constant</span> <span class='ocrx_word' id='word_1_145' title='bbox 1103 3432 1119 3459; x_wconf 89' lang='lat'>,</span> <span class='ocrx_word' id='word_1_146' title='bbox 1150 3390 1227 3447; x_wconf 76' lang='lat' dir='ltr'>sol</span> 
     </span>
     <span class='ocr_line' id='line_1_24' title="bbox 193 3472 1227 3544; baseline 0.001 -19"><span class='ocrx_word' id='word_1_147' title='bbox 193 3491 259 3525; x_wconf 86' lang='lat' dir='ltr'>ac</span> <span class='ocrx_word' id='word_1_148' title='bbox 284 3472 415 3525; x_wconf 85' lang='lat' dir='ltr'>luna</span> <span class='ocrx_word' id='word_1_149' title='bbox 432 3512 450 3539; x_wconf 89' lang='lat'><strong>,</strong></span> <span class='ocrx_word' id='word_1_150' title='bbox 475 3472 673 3543; x_wconf 84' lang='lat' dir='ltr'>quibus</span> <span class='ocrx_word' id='word_1_151' title='bbox 696 3484 885 3527; x_wconf 84' lang='lat' dir='ltr'>cuncta</span> <span class='ocrx_word' id='word_1_152' title='bbox 915 3473 1227 3544; x_wconf 77' lang='lat' dir='ltr'>gignuntur,</span> 
     </span>
     <span class='ocr_line' id='line_1_25' title="bbox 194 3551 1228 3623; baseline 0.002 -19"><span class='ocrx_word' id='word_1_153' title='bbox 194 3565 525 3623; x_wconf 81' lang='lat' dir='ltr'>perpetuum</span> <span class='ocrx_word' id='word_1_154' title='bbox 572 3553 674 3606; x_wconf 86' lang='lat' dir='ltr'>sibi</span> <span class='ocrx_word' id='word_1_155' title='bbox 725 3551 923 3605; x_wconf 79' lang='lat' dir='ltr'>bellum</span> <span class='ocrx_word' id='word_1_156' title='bbox 978 3552 1228 3607; x_wconf 73' lang='lat' dir='ltr'>indixisse</span> 
     </span>
     <span class='ocr_line' id='line_1_26' title="bbox 192 3630 1227 3687; baseline 0.004 -5"><span class='ocrx_word' id='word_1_157' title='bbox 192 3630 506 3687; x_wconf 76' lang='lat' dir='ltr'>videantur.</span> <span class='ocrx_word' id='word_1_158' title='bbox 538 3632 697 3686; x_wconf 86' lang='lat' dir='ltr'>Hunc</span> <span class='ocrx_word' id='word_1_159' title='bbox 740 3632 917 3685; x_wconf 85' lang='lat' dir='ltr'>locum</span> <span class='ocrx_word' id='word_1_160' title='bbox 955 3632 1227 3686; x_wconf 77' lang='lat' dir='ltr'>Pintianus</span> 
     </span>
     <span class='ocr_line' id='line_1_27' title="bbox 190 3711 1225 3782; baseline 0.003 -20"><span class='ocrx_word' id='word_1_161' title='bbox 190 3730 369 3782; x_wconf 86' lang='lat' dir='ltr'>quum</span> <span class='ocrx_word' id='word_1_162' title='bbox 400 3731 512 3763; x_wconf 89' lang='lat' dir='ltr'>non</span> <span class='ocrx_word' id='word_1_163' title='bbox 564 3711 877 3781; x_wconf 80' lang='lat' dir='ltr'>intelligeret</span> <span class='ocrx_word' id='word_1_164' title='bbox 904 3752 921 3778; x_wconf 87' lang='lat'><em>,</em></span> <span class='ocrx_word' id='word_1_165' title='bbox 978 3711 1225 3766; x_wconf 86' lang='lat' dir='ltr'>mutilum</span> 
     </span>
     <span class='ocr_line' id='line_1_28' title="bbox 188 3790 1231 3846; baseline 0.002 -3"><span class='ocrx_word' id='word_1_166' title='bbox 188 3808 309 3843; x_wconf 85' lang='lat' dir='ltr'>esse</span> <span class='ocrx_word' id='word_1_167' title='bbox 330 3802 387 3842; x_wconf 89' lang='lat' dir='ltr'>et</span> <span class='ocrx_word' id='word_1_168' title='bbox 400 3791 642 3843; x_wconf 74' lang='lat' dir='ltr'>vitiatum</span> <span class='ocrx_word' id='word_1_169' title='bbox 666 3790 796 3845; x_wconf 79' lang='lat' dir='ltr'>falso</span> <span class='ocrx_word' id='word_1_170' title='bbox 818 3790 1159 3846; x_wconf 72' lang='lat' dir='ltr'>existimavitz</span> <span class='ocrx_word' id='word_1_171' title='bbox 1176 3805 1231 3845; x_wconf 84' lang='lat' dir='ltr'>et</span> 
     </span>
     <span class='ocr_line' id='line_1_29' title="bbox 188 3869 1186 3943; baseline 0.002 -22"><span class='ocrx_word' id='word_1_172' title='bbox 188 3872 523 3941; x_wconf 70' lang='lat' dir='ltr'>antipathiam</span> <span class='ocrx_word' id='word_1_173' title='bbox 552 3870 683 3923; x_wconf 75' lang='lat' dir='ltr'>addi</span> <span class='ocrx_word' id='word_1_174' title='bbox 706 3869 797 3923; x_wconf 76' lang='lat' dir='ltr'>hic</span> <span class='ocrx_word' id='word_1_175' title='bbox 826 3883 1091 3943; x_wconf 75' lang='lat' dir='ltr'>oportere.</span> <span class='ocrx_word' id='word_1_176' title='bbox 1118 3870 1186 3923; x_wconf 83' lang='lat' dir='ltr'>H.</span> 
     </span>
    </p>

    <p class='ocr_par' dir='ltr' id='par_1_6' title="bbox 182 3950 1228 4259">
     <span class='ocr_line' id='line_1_30' title="bbox 280 3950 1228 4021; baseline 0.002 -20"><span class='ocrx_word' id='word_1_177' title='bbox 280 3968 335 4001; x_wconf 79' lang='lat' dir='ltr'>a.</span> <span class='ocrx_word' id='word_1_178' title='bbox 367 3951 443 4001; x_wconf 82' lang='lat' dir='ltr'>Ee</span> <span class='ocrx_word' id='word_1_179' title='bbox 464 3951 566 4002; x_wconf 83' lang='lat' dir='ltr'>alio</span> <span class='ocrx_word' id='word_1_180' title='bbox 584 3970 745 4003; x_wconf 79' lang='lat' dir='ltr'>rursus</span> <span class='ocrx_word' id='word_1_181' title='bbox 762 3950 999 4020; x_wconf 72' lang='lat' dir='ltr'>abigente.</span> <span class='ocrx_word' id='word_1_182' title='bbox 1020 3950 1228 4021; x_wconf 83' lang='lat' dir='ltr'>Nempe</span> 
     </span>
     <span class='ocr_line' id='line_1_31' title="bbox 194 4026 1227 4101; baseline 0.002 -22"><span class='ocrx_word' id='word_1_183' title='bbox 194 4030 477 4081; x_wconf 61' lang='lat' dir='ltr'>The-amede</span> <span class='ocrx_word' id='word_1_184' title='bbox 502 4029 677 4101; x_wconf 86' lang='lat' dir='ltr'>lapide</span> <span class='ocrx_word' id='word_1_185' title='bbox 693 4069 708 4094; x_wconf 87' lang='lat'>,</span> <span class='ocrx_word' id='word_1_186' title='bbox 730 4026 799 4083; x_wconf 87' lang='lat' dir='ltr'>de</span> <span class='ocrx_word' id='word_1_187' title='bbox 832 4048 941 4101; x_wconf 90' lang='lat' dir='ltr'>quo</span> <span class='ocrx_word' id='word_1_188' title='bbox 960 4030 1195 4083; x_wconf 78' lang='lat' dir='ltr'>XXXVI</span> <span class='ocrx_word' id='word_1_189' title='bbox 1211 4069 1227 4095; x_wconf 92' lang='lat'><strong>,</strong></span> 
     </span>
     <span class='ocr_line' id='line_1_32' title="bbox 183 4107 1226 4181; baseline 0 -20"><span class='ocrx_word' id='word_1_190' title='bbox 183 4126 311 4177; x_wconf 85' lang='lat' dir='ltr'>cap.</span> <span class='ocrx_word' id='word_1_191' title='bbox 342 4110 438 4163; x_wconf 77' lang='lat'>25.</span> <span class='ocrx_word' id='word_1_192' title='bbox 472 4109 591 4169; x_wconf 74' lang='lat' dir='ltr'>Alio</span> <span class='ocrx_word' id='word_1_193' title='bbox 614 4128 809 4181; x_wconf 82' lang='lat' dir='ltr'>nempe</span> <span class='ocrx_word' id='word_1_194' title='bbox 830 4108 1006 4181; x_wconf 82' lang='lat' dir='ltr'>lapide</span> <span class='ocrx_word' id='word_1_195' title='bbox 1022 4148 1038 4175; x_wconf 78' lang='lat'>,</span> <span class='ocrx_word' id='word_1_196' title='bbox 1064 4122 1123 4163; x_wconf 90' lang='lat' dir='ltr'>ut</span> <span class='ocrx_word' id='word_1_197' title='bbox 1144 4107 1226 4161; x_wconf 86' lang='lat' dir='ltr'>di·</span> 
     </span>
     <span class='ocr_line' id='line_1_33' title="bbox 182 4188 1225 4259; baseline 0.002 -20"><span class='ocrx_word' id='word_1_198' title='bbox 182 4188 397 4253; x_wconf 80' lang='lat' dir='ltr'>ximus,</span> <span class='ocrx_word' id='word_1_199' title='bbox 431 4189 675 4259; x_wconf 79' lang='lat' dir='ltr'>abigente</span> <span class='ocrx_word' id='word_1_200' title='bbox 704 4190 923 4243; x_wconf 82' lang='lat' dir='ltr'>ferrum.</span> <span class='ocrx_word' id='word_1_201' title='bbox 967 4188 1046 4242; x_wconf 85' lang='lat' dir='ltr'>Ita</span> <span class='ocrx_word' id='word_1_202' title='bbox 1072 4189 1225 4243; x_wconf 78' lang='lat' dir='ltr'><strong>MSS.</strong></span> 
     </span>
    </p>
   </div>
   <div class='ocr_carea' id='block_1_6' title="bbox 1311 2836 2341 4259">
    <p class='ocr_par' dir='ltr' id='par_1_7' title="bbox 1311 2836 2341 4259">
     <span class='ocr_line' id='line_1_34' title="bbox 1312 2836 2338 2910; baseline 0.001 -20"><span class='ocrx_word' id='word_1_203' title='bbox 1312 2836 1521 2902; x_wconf 76' lang='lat' dir='ltr'>omnes,</span> <span class='ocrx_word' id='word_1_204' title='bbox 1557 2838 1778 2910; x_wconf 85' lang='lat' dir='ltr'>ipsaque</span> <span class='ocrx_word' id='word_1_205' title='bbox 1815 2838 1920 2891; x_wconf 80' lang='lat' dir='ltr'>loci</span> <span class='ocrx_word' id='word_1_206' title='bbox 1959 2836 2214 2891; x_wconf 86' lang='lat' dir='ltr'>sententia</span> <span class='ocrx_word' id='word_1_207' title='bbox 2262 2838 2338 2891; x_wconf 80' lang='lat' dir='ltr'>ita</span> 
     </span>
     <span class='ocr_line' id='line_1_35' title="bbox 1312 2916 2332 2989; baseline 0 -20"><span class='ocrx_word' id='word_1_208' title='bbox 1312 2918 1412 2987; x_wconf 77' lang='lat' dir='ltr'>legi</span> <span class='ocrx_word' id='word_1_209' title='bbox 1432 2918 1681 2989; x_wconf 85' lang='lat' dir='ltr'>postulat.</span> <span class='ocrx_word' id='word_1_210' title='bbox 1705 2918 1919 2971; x_wconf 75' lang='lat' dir='ltr'>Frustra</span> <span class='ocrx_word' id='word_1_211' title='bbox 1947 2929 2073 2969; x_wconf 86' lang='lat' dir='ltr'>sunt</span> <span class='ocrx_word' id='word_1_212' title='bbox 2091 2916 2332 2971; x_wconf 80' lang='lat' dir='ltr'>Mathiol.</span> 
     </span>
     <span class='ocr_line' id='line_1_36' title="bbox 1313 2994 2336 3068; baseline 0.001 -19"><span class='ocrx_word' id='word_1_213' title='bbox 1313 2998 1543 3060; x_wconf 76' lang='lat' dir='ltr'>Caesius,</span> <span class='ocrx_word' id='word_1_214' title='bbox 1572 2997 1768 3068; x_wconf 79' lang='lat' dir='ltr'>aliique</span> <span class='ocrx_word' id='word_1_215' title='bbox 1785 3034 1802 3059; x_wconf 83' lang='lat'>‚</span> <span class='ocrx_word' id='word_1_216' title='bbox 1829 2998 1922 3068; x_wconf 87' lang='lat' dir='ltr'>qni</span> <span class='ocrx_word' id='word_1_217' title='bbox 1949 2997 2067 3048; x_wconf 79' lang='lat' dir='ltr'>allio</span> <span class='ocrx_word' id='word_1_218' title='bbox 2091 2996 2179 3049; x_wconf 83' lang='lat' dir='ltr'>hic</span> <span class='ocrx_word' id='word_1_219' title='bbox 2205 2994 2336 3050; x_wconf 79' lang='lat' dir='ltr'>scri—</span> 
     </span>
     <span class='ocr_line' id='line_1_37' title="bbox 1313 3076 2336 3151; baseline -0.001 -22"><span class='ocrx_word' id='word_1_220' title='bbox 1313 3089 1467 3147; x_wconf 86' lang='lat' dir='ltr'>ptum</span> <span class='ocrx_word' id='word_1_221' title='bbox 1494 3095 1525 3129; x_wconf 88' lang='lat' dir='ltr'>a</span> <span class='ocrx_word' id='word_1_222' title='bbox 1547 3076 1723 3128; x_wconf 89' lang='lat' dir='ltr'>Plinio</span> <span class='ocrx_word' id='word_1_223' title='bbox 1748 3088 2053 3140; x_wconf 87' lang='lat' dir='ltr'>autumant,</span> <span class='ocrx_word' id='word_1_224' title='bbox 2077 3093 2186 3145; x_wconf 87' lang='lat' dir='ltr'>quo</span> <span class='ocrx_word' id='word_1_225' title='bbox 2221 3078 2336 3151; x_wconf 71' lang='lat' dir='ltr'>ejus</span> 
     </span>
     <span class='ocr_line' id='line_1_38' title="bbox 1314 3150 2335 3225; baseline 0 -17"><span class='ocrx_word' id='word_1_226' title='bbox 1314 3156 1411 3209; x_wconf 77' lang='lat' dir='ltr'>viri</span> <span class='ocrx_word' id='word_1_227' title='bbox 1429 3156 1744 3208; x_wconf 86' lang='lat' dir='ltr'>auctoritate</span> <span class='ocrx_word' id='word_1_228' title='bbox 1763 3154 2016 3225; x_wconf 79' lang='lat' dir='ltr'>magnetis</span> <span class='ocrx_word' id='word_1_229' title='bbox 2043 3165 2095 3207; x_wconf 82' lang='lat' dir='ltr'>et</span> <span class='ocrx_word' id='word_1_230' title='bbox 2111 3154 2225 3205; x_wconf 79' lang='lat' dir='ltr'>allii</span> <span class='ocrx_word' id='word_1_231' title='bbox 2233 3150 2335 3209; x_wconf 75' lang='lat' dir='ltr'>dis·</span> 
     </span>
     <span class='ocr_line' id='line_1_39' title="bbox 1311 3228 2332 3304; baseline 0 -17"><span class='ocrx_word' id='word_1_232' title='bbox 1311 3234 1608 3287; x_wconf 76' lang='lat' dir='ltr'>sensionem</span> <span class='ocrx_word' id='word_1_233' title='bbox 1625 3248 1676 3288; x_wconf 90' lang='lat' dir='ltr'>et</span> <span class='ocrx_word' id='word_1_234' title='bbox 1693 3228 2034 3304; x_wconf 76' lang='lat' dir='ltr'>antipathiam</span> <span class='ocrx_word' id='word_1_235' title='bbox 2049 3233 2332 3287; x_wconf 79' lang='lat' dir='ltr'>stabiliant:</span> 
     </span>
     <span class='ocr_line' id='line_1_40' title="bbox 1313 3310 2334 3385; baseline -0.001 -18"><span class='ocrx_word' id='word_1_236' title='bbox 1313 3314 1459 3385; x_wconf 87' lang='lat' dir='ltr'>quasi</span> <span class='ocrx_word' id='word_1_237' title='bbox 1494 3332 1708 3384; x_wconf 77' lang='lat' dir='ltr'>magnes</span> <span class='ocrx_word' id='word_1_238' title='bbox 1753 3314 1876 3365; x_wconf 82' lang='lat' dir='ltr'>allio</span> <span class='ocrx_word' id='word_1_239' title='bbox 1919 3310 2244 3366; x_wconf 75' lang='lat' dir='ltr'>confricatus</span> <span class='ocrx_word' id='word_1_240' title='bbox 2274 3331 2334 3366; x_wconf 81' lang='lat' dir='ltr'>ac</span> 
     </span>
     <span class='ocr_line' id='line_1_41' title="bbox 1314 3391 2334 3465; baseline -0.003 -18"><span class='ocrx_word' id='word_1_241' title='bbox 1314 3405 1602 3465; x_wconf 84' lang='lat' dir='ltr'>perunctus</span> <span class='ocrx_word' id='word_1_242' title='bbox 1627 3395 1828 3446; x_wconf 81' lang='lat' dir='ltr'>ferrum</span> <span class='ocrx_word' id='word_1_243' title='bbox 1872 3411 1980 3444; x_wconf 90' lang='lat' dir='ltr'>non</span> <span class='ocrx_word' id='word_1_244' title='bbox 2010 3391 2198 3446; x_wconf 86' lang='lat' dir='ltr'>trahat.</span> <span class='ocrx_word' id='word_1_245' title='bbox 2238 3394 2334 3445; x_wconf 73' lang='lat' dir='ltr'>A!-</span> 
     </span>
     <span class='ocr_line' id='line_1_42' title="bbox 1314 3472 2336 3541; baseline 0 -15"><span class='ocrx_word' id='word_1_246' title='bbox 1314 3474 1527 3526; x_wconf 83' lang='lat' dir='ltr'>bertum</span> <span class='ocrx_word' id='word_1_247' title='bbox 1555 3485 1730 3526; x_wconf 88' lang='lat' dir='ltr'>tamen</span> <span class='ocrx_word' id='word_1_248' title='bbox 1775 3472 2024 3541; x_wconf 83' lang='lat' dir='ltr'>Magnum</span> <span class='ocrx_word' id='word_1_249' title='bbox 2051 3472 2245 3525; x_wconf 84' lang='lat' dir='ltr'>scimus</span> <span class='ocrx_word' id='word_1_250' title='bbox 2263 3472 2336 3526; x_wconf 76' lang='lat' dir='ltr'>ita</span> 
     </span>
     <span class='ocr_line' id='line_1_43' title="bbox 1314 3551 2336 3617; baseline -0.003 -10"><span class='ocrx_word' id='word_1_251' title='bbox 1314 3552 1563 3617; x_wconf 82' lang='lat' dir='ltr'>sensisse,</span> <span class='ocrx_word' id='word_1_252' title='bbox 1588 3552 1832 3605; x_wconf 81' lang='lat' dir='ltr'>Mineral.</span> <span class='ocrx_word' id='word_1_253' title='bbox 1855 3552 1950 3604; x_wconf 85' lang='lat' dir='ltr'>lib.</span> <span class='ocrx_word' id='word_1_254' title='bbox 1979 3551 2034 3603; x_wconf 86' lang='lat'>11</span> <span class='ocrx_word' id='word_1_255' title='bbox 2050 3590 2067 3615; x_wconf 88' lang='lat'><strong>‚</strong></span> <span class='ocrx_word' id='word_1_256' title='bbox 2092 3564 2244 3604; x_wconf 85' lang='lat' dir='ltr'>tract.</span> <span class='ocrx_word' id='word_1_257' title='bbox 2270 3572 2297 3604; x_wconf 82' lang='lat'>2</span> <span class='ocrx_word' id='word_1_258' title='bbox 2319 3590 2336 3615; x_wconf 88' lang='lat'>‚</span> 
     </span>
     <span class='ocr_line' id='line_1_44' title="bbox 1316 3630 2336 3704; baseline -0.002 -19"><span class='ocrx_word' id='word_1_259' title='bbox 1316 3651 1433 3704; x_wconf 85' lang='lat' dir='ltr'>cap.</span> <span class='ocrx_word' id='word_1_260' title='bbox 1467 3650 1529 3685; x_wconf 84' lang='grc' dir='ltr'>ιι</span> <span class='ocrx_word' id='word_1_261' title='bbox 1552 3670 1569 3695; x_wconf 83' lang='grc'>,</span> <span class='ocrx_word' id='word_1_262' title='bbox 1603 3643 1655 3685; x_wconf 87' lang='lat' dir='ltr'>et</span> <span class='ocrx_word' id='word_1_263' title='bbox 1692 3644 1814 3683; x_wconf 85' lang='lat' dir='ltr'>ante</span> <span class='ocrx_word' id='word_1_264' title='bbox 1854 3650 1976 3685; x_wconf 85' lang='lat' dir='ltr'>eum</span> <span class='ocrx_word' id='word_1_265' title='bbox 2007 3630 2336 3691; x_wconf 75' lang='lat' dir='ltr'>zoroastrem</span> 
     </span>
     <span class='ocr_line' id='line_1_45' title="bbox 1316 3710 2336 3783; baseline -0.001 -20"><span class='ocrx_word' id='word_1_266' title='bbox 1316 3712 1372 3763; x_wconf 89' lang='lat' dir='ltr'>in</span> <span class='ocrx_word' id='word_1_267' title='bbox 1404 3710 1578 3783; x_wconf 84' lang='lat' dir='ltr'>Geop.</span> <span class='ocrx_word' id='word_1_268' title='bbox 1608 3710 1702 3764; x_wconf 87' lang='lat' dir='ltr'>lib.</span> <span class='ocrx_word' id='word_1_269' title='bbox 1726 3710 1854 3773; x_wconf 82' lang='lat' dir='ltr'>XV,</span> <span class='ocrx_word' id='word_1_270' title='bbox 1896 3728 2012 3781; x_wconf 84' lang='lat' dir='ltr'>cap.</span> <span class='ocrx_word' id='word_1_271' title='bbox 2045 3728 2066 3761; x_wconf 86' lang='grc' dir='ltr'>ῐ</span> <span class='ocrx_word' id='word_1_272' title='bbox 2088 3750 2104 3774; x_wconf 86' lang='grc'><em>,</em></span> <span class='ocrx_word' id='word_1_273' title='bbox 2136 3722 2190 3763; x_wconf 83' lang='lat' dir='ltr'>et</span> <span class='ocrx_word' id='word_1_274' title='bbox 2211 3712 2336 3763; x_wconf 74' lang='lat' dir='ltr'>Jolr.</span> 
     </span>
     <span class='ocr_line' id='line_1_46' title="bbox 1315 3788 2337 3854; baseline -0.003 -11"><span class='ocrx_word' id='word_1_275' title='bbox 1315 3792 1545 3845; x_wconf 86' lang='lat' dir='ltr'>Tzetzen</span> <span class='ocrx_word' id='word_1_276' title='bbox 1576 3828 1593 3851; x_wconf 87' lang='lat'>‚</span> <span class='ocrx_word' id='word_1_277' title='bbox 1629 3788 1860 3844; x_wconf 87' lang='lat' dir='ltr'>Chiliad.</span> <span class='ocrx_word' id='word_1_278' title='bbox 1910 3796 1974 3854; x_wconf 69' lang='lat'>4,</span> <span class='ocrx_word' id='word_1_279' title='bbox 2013 3788 2145 3842; x_wconf 77' lang='lat' dir='ltr'>nist.</span> <span class='ocrx_word' id='word_1_280' title='bbox 2191 3796 2337 3853; x_wconf 72' lang='lat'>140,</span> 
     </span>
     <span class='ocr_line' id='line_1_47' title="bbox 1316 3868 2338 3941; baseline -0.002 -18"><span class='ocrx_word' id='word_1_281' title='bbox 1316 3890 1367 3925; x_wconf 83' lang='lat' dir='ltr'>v.</span> <span class='ocrx_word' id='word_1_282' title='bbox 1402 3876 1526 3941; x_wconf 73' lang='lat'><strong>⁴⁰7·</strong></span> <span class='ocrx_word' id='word_1_283' title='bbox 1556 3869 1661 3924; x_wconf 87' lang='lat' dir='ltr'>Sed</span> <span class='ocrx_word' id='word_1_284' title='bbox 1691 3870 1824 3923; x_wconf 85' lang='lat' dir='ltr'>illud</span> <span class='ocrx_word' id='word_1_285' title='bbox 1843 3870 1983 3923; x_wconf 87' lang='lat' dir='ltr'>haud</span> <span class='ocrx_word' id='word_1_286' title='bbox 2010 3868 2174 3922; x_wconf 85' lang='lat' dir='ltr'>dubie</span> <span class='ocrx_word' id='word_1_287' title='bbox 2193 3887 2338 3921; x_wconf 78' lang='lat' dir='ltr'>nunc</span> 
     </span>
     <span class='ocr_line' id='line_1_48' title="bbox 1318 3948 2340 4021; baseline -0.005 -18"><span class='ocrx_word' id='word_1_288' title='bbox 1318 3950 1521 4003; x_wconf 83' lang='lat' dir='ltr'>Plinius</span> <span class='ocrx_word' id='word_1_289' title='bbox 1539 3963 1769 4021; x_wconf 84' lang='lat' dir='ltr'>spectat,</span> <span class='ocrx_word' id='word_1_290' title='bbox 1797 3948 1943 4021; x_wconf 84' lang='lat' dir='ltr'>qnod</span> <span class='ocrx_word' id='word_1_291' title='bbox 1967 3948 2095 4001; x_wconf 81' lang='lat' dir='ltr'>alibi</span> <span class='ocrx_word' id='word_1_292' title='bbox 2129 3948 2340 4017; x_wconf 79' lang='lat' dir='ltr'>planius</span> 
     </span>
     <span class='ocr_line' id='line_1_49' title="bbox 1316 4028 2336 4101; baseline -0.003 -19"><span class='ocrx_word' id='word_1_293' title='bbox 1316 4029 1599 4101; x_wconf 83' lang='lat' dir='ltr'>expressit,</span> <span class='ocrx_word' id='word_1_294' title='bbox 1613 4048 1806 4101; x_wconf 86' lang='lat' dir='ltr'>nempe</span> <span class='ocrx_word' id='word_1_295' title='bbox 1827 4030 1918 4081; x_wconf 89' lang='lat' dir='ltr'>lib.</span> <span class='ocrx_word' id='word_1_296' title='bbox 1940 4028 2180 4081; x_wconf 77' lang='lat' dir='ltr'>xxxvl</span> <span class='ocrx_word' id='word_1_297' title='bbox 2189 4065 2204 4090; x_wconf 84' lang='lat'>‚</span> <span class='ocrx_word' id='word_1_298' title='bbox 2219 4046 2336 4097; x_wconf 76' lang='lat' dir='ltr'>cap.</span> 
     </span>
     <span class='ocr_line' id='line_1_50' title="bbox 1319 4106 2340 4179; baseline -0.003 -18"><span class='ocrx_word' id='word_1_299' title='bbox 1319 4110 1385 4163; x_wconf 76' lang='lat'>25</span> <span class='ocrx_word' id='word_1_300' title='bbox 1417 4128 1429 4160; x_wconf 90' lang='lat'><strong>:</strong></span> <span class='ocrx_word' id='word_1_301' title='bbox 1459 4135 1481 4156; x_wconf 82' lang='grc' dir='ltr'>ι</span> <span class='ocrx_word' id='word_1_302' title='bbox 1506 4108 1661 4162; x_wconf 74' lang='lat' dir='ltr'>Alius</span> <span class='ocrx_word' id='word_1_303' title='bbox 1694 4128 1904 4173; x_wconf 83' lang='lat' dir='ltr'>rursus,</span> <span class='ocrx_word' id='word_1_304' title='bbox 1943 4106 2147 4179; x_wconf 86' lang='lat' dir='ltr'>inquit,</span> <span class='ocrx_word' id='word_1_305' title='bbox 2169 4106 2222 4157; x_wconf 88' lang='lat' dir='ltr'>in</span> <span class='ocrx_word' id='word_1_306' title='bbox 2251 4124 2340 4159; x_wconf 87' lang='lat' dir='ltr'>ea-</span> 
     </span>
     <span class='ocr_line' id='line_1_51' title="bbox 1316 4187 2341 4259; baseline -0.006 -18"><span class='ocrx_word' id='word_1_307' title='bbox 1316 4187 1437 4241; x_wconf 88' lang='lat' dir='ltr'>dem</span> <span class='ocrx_word' id='word_1_308' title='bbox 1464 4188 1733 4259; x_wconf 80' lang='lat' dir='ltr'>AEthiopia</span> <span class='ocrx_word' id='word_1_309' title='bbox 1760 4208 1866 4243; x_wconf 87' lang='lat' dir='ltr'>non</span> <span class='ocrx_word' id='word_1_310' title='bbox 1881 4188 2070 4259; x_wconf 84' lang='lat' dir='ltr'>procul</span> <span class='ocrx_word' id='word_1_311' title='bbox 2087 4204 2240 4240; x_wconf 83' lang='lat' dir='ltr'>mons</span> <span class='ocrx_word' id='word_1_312' title='bbox 2261 4187 2341 4256; x_wconf 71' lang='lat' dir='ltr'>gi-</span> 
     </span>
    </p>
   </div>
  </div>
 </body>
</html>
