3150 5150
972 465 1289 532 LIBER
1337 465 1551 532 XIX.

2184 467 2320 564 397

186 593 359 663 lacte
390 593 634 702 mulso⁷
667 597 915 664 semine
944 619 1173 665 eorum
1194 595 1398 666 biduo
1421 611 1758 666 macerato
1773 599 1990 691 ‚apud
2014 603 2318 694 antiquos

185 689 491 772 Graeciae⁸
523 715 827 772 auctores
858 702 1174 796 scriptum
1212 717 1313 772 est
1351 704 1478 770 seri
1509 717 1850 797 oportere,
1889 719 1964 772 ut
1995 703 2320 775 dulciores

184 807 371 876 fiant.
402 805 769 878 Crescunt⁹
799 830 932 901 qua
965 821 1295 928 coguntur
1324 807 1560 876 forma.
1604 813 1680 877 In
1718 808 1910 878 Italia
1937 811 2220 900 virides,
2253 826 2324 880 et
2359 850 2385 880 2

184 935 391 1007 quam
420 915 679 983 minimi
708 939 723 980 ε
754 915 823 981 in
848 914 1207 1008 provinciis
1234 922 1432 1008 quani
1467 915 1733 984 maximi
1764 941 1780 982 :
1815 927 1883 984 et
1911 918 2112 985 cerini
2133 916 2181 940 ¹⁰
2205 934 2321 987 aut

184 1021 383 1114 nigri.
450 1019 720 1088 Placent
773 1020 1203 1114 copiosissimi
1242 1019 1521 1107 Africae,
1574 1021 1990 1114 grandissimi
2034 1025 2336 1094 Moesiae:

182 1150 399 1220 quum
442 1124 895 1220 magnitudine
937 1147 1302 1212 excessere,
1338 1149 1633 1221 pepones
1671 1143 2016 1197 vocantur.
2055 1131 2312 1198 Vivunt

182 1231 463 1302 hausti'¹
501 1234 564 1301 in
585 1232 929 1301 stomacho
950 1232 1019 1300 in
1048 1246 1386 1326 posterum
1416 1232 1620 1320 diem,
1644 1257 1768 1304 nec
1797 1235 2026 1328 perfici
2061 1251 2314 1329 queunt

182 1341 251 1405 in
289 1339 491 1425 cibis,
531 1362 668 1407 non
706 1335 1069 1407 insalubres
1110 1353 1333 1406 tamen
1376 1336 1762 1433 plurimum.
1800 1340 2056 1409 Natura
2099 1339 2316 1410 oleum

182 1444 395 1513 odere
426 1445 628 1513 mire:
664 1467 787 1513 nec
819 1445 1037 1513 minus
1068 1467 1269 1537 aquas
1295 1443 1594 1539 diligunt.
1634 1447 1904 1516 Desecti
1936 1471 2202 1542 quoque
2235 1447 2318 1516 ad
2358 1458 2389 1508 3

182 1575 297 1619 eas
352 1550 615 1620 modice
658 1551 972 1619 distantes
1008 1549 1335 1644 adrepunt
1373 1573 1389 1617 ε
1424 1566 1539 1619 aut
1583 1552 1637 1619 si
1676 1552 1836 1645 quid
1875 1553 2094 1622 obstet
2139 1556 2312 1622 versi

180 1655 571 1750 pandantur
588 1709 611 1742 ,
676 1671 1169 1750 curvanturque
1204 1681 1221 1723 :
1279 1656 1346 1724 id
1380 1655 1487 1726 vel
1530 1681 1666 1724 una
1705 1672 1904 1727 nocte
1951 1657 2314 1754 deprehen·
2385 1723 2396 1740 ,

180 1762 404 1850 ditur,
449 1764 503 1832 si
534 1785 651 1832 vas
692 1785 845 1832 cum
880 1759 1111 1856 aqua¹²
1136 1761 1523 1856 subjiciatur
1556 1785 1597 1831 a
1629 1779 1914 1857 quatuor
1949 1764 2311 1859 digitorum

174 2028 399 2080 Horum
419 2024 590 2080 vicem
616 2044 679 2079 nc
701 2019 1099 2080 similitudinem
1130 2043 1212 2078 re-

176 2107 371 2161 ferunt
397 2125 515 2161 vass
546 2106 739 2167 vitrea,
765 2107 958 2176 quibus
978 2105 1211 2158 melones

176 2189 503 2258 integimus,
524 2185 611 2238 des
634 2187 833 2239 cioches.
859 2183 1063 2256 Lepide
1080 2201 1209 2238 con·

172 2267 433 2338 queritur
448 2265 736 2331 Martialis,
756 2264 856 2318 lib.
879 2261 1043 2329 vul,
1064 2264 1206 2336 epig.

181 2363 205 2397 1
222 2353 293 2411 4,
328 2363 385 2398 se
416 2347 567 2416 pejus
594 2345 665 2397 ab
698 2345 871 2398 amico
905 2355 1209 2416 exceptum,

172 2444 351 2495 qnam
378 2424 541 2478 solent
579 2441 693 2477 esse
718 2423 913 2476 hortus
954 2422 1171 2495 pensilis
1188 2463 1205 2486 ,

172 2505 233 2557 in
250 2523 373 2579 quo
388 2516 567 2558 tenera
581 2505 831 2556 arborum
844 2504 1043 2556 semina
1058 2515 1209 2556 suut:

172 2600 243 2639 ut
274 2586 375 2658 qni
402 2604 513 2637 non
538 2584 758 2637 haberet
780 2584 837 2638 in
864 2583 995 2637 cells
1018 2600 1209 2656 specu-

174 2666 317 2718 laris
334 2704 355 2730 ,
396 2664 590 2737 quibus
640 2663 749 2716 vim
793 2675 1070 2716 ventorum
1090 2700 1109 2728 ,
1156 2675 1211 2715 et

176 2748 256 2815 inj
266 2744 414 2799 urias
440 2757 741 2814 temporum
772 2743 1123 2814 propulsaret.
1138 2741 1207 2794 H.

266 2845 325 2895 7.
364 2825 499 2893 Quia
523 2835 572 2875 ee
608 2824 731 2875 lacte
762 2823 928 2875 mulso.
956 2822 1073 2875 Hoc
1099 2833 1207 2885 est,
1232 2868 1239 2875 .

170 2905 323 2957 lacte
350 2904 403 2956 in
435 2920 543 2973 quo
572 2903 677 2955 mel
703 2900 966 2955 additum.
990 2901 1205 2955 Colum.

172 2986 288 3037 loc.
318 2984 411 3037 cit.
446 3008 469 3029 ι
496 2981 749 3035 Cucumis
765 2994 915 3034 tener
936 2992 990 3033 et
1013 2982 1209 3052 jucun-

170 3063 440 3116 dissimus
468 3060 563 3134 ⁶⁸⁹.
594 3062 639 3113 si
682 3073 805 3114 unte
842 3078 999 3132 quam
1044 3078 1209 3123 seras,

170 3160 371 3196 semen
392 3144 504 3214 ejus
526 3140 661 3193 lacte
678 3156 943 3194 maceres:
965 3138 1210 3192 nonnulli

170 3224 384 3284 etiam,
404 3238 514 3289 quo
552 3216 762 3273 dulcior
790 3218 1039 3283 exsistst,
1072 3236 1207 3293 aqua

170 3302 363 3354 mulsa
384 3299 523 3353 idem
537 3298 751 3352 faciunt.
764 3324 787 3345 ι
805 3297 1069 3351 Psllndius
1081 3334 1099 3360 ,
1112 3298 1209 3351 lib.

168 3382 267 3433 1v
296 3382 357 3433 in
374 3380 568 3434 Martio
582 3418 599 3444 ,
618 3378 698 3431 tit.
722 3396 791 3447 9:
819 3394 849 3425 ι’
857 3378 1019 3431 Nunc
1040 3378 1225 3429 melo·-

168 3480 283 3515 nes
301 3458 511 3513 serendi
526 3458 713 3512 rarius.
732 3496 746 3511 .
765 3497 777 3509 .
811 3457 1009 3509 semina
1034 3456 1211 3509 mulso

166 3554 239 3593 et
292 3540 431 3593 lacte
480 3556 579 3610 per
616 3534 853 3590 triduum
897 3534 1210 3589 maceranda

166 3632 341 3685 sunt,
356 3630 409 3672 et
432 3632 561 3671 tunc
586 3618 695 3689 jam
710 3616 899 3670 siccata
922 3614 1207 3687 ponenda.

164 3700 317 3751 hinc
374 3716 556 3753 suaves
607 3696 935 3750 efficiuntur.
988 3694 1212 3748 Odor-sti

162 3792 365 3832 autem
390 3778 555 3842 fiunt,
583 3789 686 3829 etc.
716 3802 739 3823 ι
780 3776 959 3828 Eum.

267 3860 327 3913 8.
355 3857 513 3929 Apud
536 3860 757 3929 antiquos
784 3854 1011 3908 Groecc‘oe.
1032 3854 1211 3906 Theo-

166 3938 391 4007 phrast.
424 3936 561 3989 Hist.
594 3935 691 3987 lib.
728 3935 868 3998 VII,
901 3952 1019 4005 cap.
1058 3950 1081 3986 1
1109 3973 1126 3996 ,
1156 3946 1210 3985 et

164 4017 251 4068 de
274 4018 436 4069 Caus.
466 4016 561 4068 lib.
584 4016 697 4078 111,
722 4033 837 4085 cap.
876 4032 973 4071 η,
996 4032 1050 4084 p.
1077 4030 1207 4081 ²77·

168 4094 467 4167 Hodieque
490 4094 545 4147 id
574 4094 631 4146 fit
671 4094 725 4147 in
766 4106 881 4148 satu
906 4105 1208 4146 nostrorum

1303 2025 1623 2080 melonum·
1662 2045 1889 2098 quorum
1940 2046 2105 2098 genus
2146 2016 2345 2106 illud,

1297 2104 1443 2176 quod
1472 2104 1808 2160 dulcedinem
1831 2108 2004 2177 gustui
2029 2097 2319 2178 repraeseii-

1297 2197 1373 2238 tat
1390 2185 1612 2256 ,vulgus
1639 2183 1764 2238 inde
1783 2189 2018 2247 morinos,
2047 2189 2195 2258 quasi
2213 2207 2320 2242 ssc-

1296 2263 1543 2317 chal-inos
1550 2264 1808 2336 appellat·
1793 2302 1810 2319 .
1818 2265 1996 2318 melotu-
2003 2272 2176 2320 sucu-225.
2187 2262 2318 2322 Hoc

1294 2343 1690 2414 promaceratio
1723 2345 1938 2398 seminis
1975 2346 2031 2398 in
2071 2365 2319 2400 cucume-

1294 2439 1415 2475 rum
1456 2423 1769 2476 nostratium
1807 2435 1922 2477 sstu
1947 2443 2064 2478 non
2102 2427 2319 2480 adbibe-

1298 2513 1403 2556 tur.
1447 2497 1625 2554 ΗΑιιιι.

1377 2601 1435 2652 9.
1466 2582 1716 2635 Crescunt.
1740 2581 1937 2636 Pallad.
1963 2585 2064 2637 loc.
2085 2586 2227 2639 citat.
2249 2586 2318 2639 de

1297 2680 1580 2715 cucumere
1597 2682 1615 2716 ι
1642 2689 1666 2710 ι
1685 2661 1740 2715 si
1765 2662 1879 2733 ejus
1897 2662 2084 2717 florem
2107 2665 2240 2719 sicut
2261 2667 2318 2720 in

1298 2758 1393 2794 sus
1418 2740 1521 2795 vite
1546 2754 1653 2805 est,
1683 2741 1740 2793 in
1782 2742 1953 2796 forma
1995 2744 2144 2796 fictili
2173 2746 2318 2799 clau·

1295 2821 1426 2893 seris
1442 2858 1458 2885 ,
1484 2838 1547 2872 ac
1570 2821 1844 2892 ligaveris,
1874 2824 2084 2893 qualem
2111 2824 2319 2878 vultum

1296 2900 1467 2953 forma
1494 2901 1581 2952 vel
1605 2900 1838 2954 hominis
1857 2903 1942 2954 vel
1970 2902 2212 2957 auimslis
2228 2906 2322 2957 ha·

1294 2980 1497 3045 buerit,
1518 2980 1677 3033 talem
1691 2980 1926 3033 cucumis
1943 2982 2166 3053 figuram
2189 3000 2320 3055 proe·

1297 3058 1474 3113 Subit.
1498 3085 1519 3105 ι·
1554 3058 1735 3112 ΗΑΒΙ).

1380 3155 1460 3190 ιο.
1486 3139 1559 3190 Ee
1581 3141 1742 3192 cer-ini.
1757 3138 1846 3191 Sic
1861 3150 2004 3192 recte
2019 3139 2322 3192 Thusnaeus

1296 3216 1463 3269 codex
1504 3236 1519 3269 ε
1548 3218 1726 3270 minus
1769 3229 1914 3270 recte
1957 3217 2134 3289 prius,
2160 3222 2322 3271 citrini

1295 3296 1584 3366 legebatur.
1613 3298 1694 3349 De
1723 3315 1783 3349 es
1811 3312 1940 3349 voce
1967 3298 2168 3369 egimus
2195 3300 2320 3362 XV,

1304 3392 1389 3427 ιιι.
1412 3372 1594 3426 Ηιιιιι.

1384 3474 1409 3508 1
1426 3472 1474 3506 1.
1526 3454 1708 3506 Va'vum
1745 3456 1919 3508 hausti.
1946 3453 2088 3508 Vide
2125 3458 2320 3511 Athen.

1298 3532 1393 3587 lib.
1436 3534 1550 3591 111,
1579 3550 1698 3604 psg.
1749 3542 1852 3603 74,
1870 3535 1976 3588 ubi
2025 3534 2208 3590 eadem
2251 3535 2322 3590 de

1298 3630 1580 3667 cucumere
1603 3612 1858 3707 Diphilus
1880 3614 2140 3686 Siphnius
2159 3616 2324 3669 medi·

1299 3710 1391 3747 cus
1418 3694 1529 3745 fere
1549 3682 1929 3747 commemor-st
1941 3713 2088 3767 ,qua
2102 3695 2321 3749 Plinius.

1298 3768 1483 3825 ΗΑΙΙ).

1386 3870 1472 3905 12.
1503 3850 1562 3904 Sa·
1585 3870 1679 3903 vas
1708 3870 1814 3904 eam
1849 3868 1994 3926 «qm.
2024 3852 2291 3906 Palladius
2309 3892 2322 3915 ‚

1298 3931 1403 3984 loc.
1432 3932 1525 3985 cit.
1553 3948 1676 4003 pag.
1707 3934 1780 4001 89
1817 3930 1886 3985 de
1905 3932 2279 3985 cucumeribus
2306 3950 2319 3983 :

1306 4036 1330 4059 ι
1352 4012 1555 4082 Longi,
1581 4010 1786 4083 inquit,
1809 4023 1863 4064 et
1891 4010 2060 4063 teneri
2082 4025 2325 4063 cucume-

1298 4108 1383 4143 res
1408 4092 1546 4144 fiunt
1564 4130 1578 4151 ,
1605 4091 1648 4144 si
1679 4108 1868 4162 aquam
1911 4091 1964 4143 in
2001 4090 2205 4160 patenti
2233 4109 2322 4143 va·
