3150 5150
1067 519 1384 587 LIBER
1437 519 1688 587 XVII.
2346 543 2439 614 27

323 649 596 718 nomine
633 647 1082 743 eglecopalam
1118 649 1454 746 appellant
1487 653 1538 678 ²²
1573 678 1590 720 :
1626 649 1837 746 ‘glebis
1868 651 2191 720 excitatur
2206 638 2253 677 ²³
2285 648 2451 744 lapi-

319 755 486 824 dum
522 754 727 826 modo
756 781 772 822 :
809 753 946 825 sole
981 769 1050 825 et
1086 755 1412 850 gelatione
1455 757 1548 828 ita
1588 755 1898 845 solvitur,
1934 771 2011 824 ut
2045 756 2453 826 tenuissimas

319 860 628 931 bracteas
675 860 890 930 faciat.
935 861 1094 932 Hoec
1141 886 1224 932 ex
1273 889 1461 956 aequo
1509 852 1811 934 fertilis²⁴
1815 867 2215 932 ‚Arenacea
2255 875 2451 932 utun·

319 979 462 1052 tur,
497 969 553 1036 si
589 965 716 1036 alia
744 992 879 1036 non
906 969 1035 1037 sit:
1079 970 1148 1036 in
1183 966 1520 1098 uliginosis
1557 993 1755 1057 vem,
1780 983 1849 1038 et
1873 971 1927 1039 si
1962 966 2089 1036 alia
2118 969 2217 1036 sit.
2240 968 2454 1038 Ubios

324 1071 624 1166 gentium
668 1070 843 1142 solos
877 1073 1215 1203 novimus6²
1250 1126 1269 1160 ,
1307 1076 1420 1169 qui
1453 1075 1920 1145 fertilissimum
1958 1098 2192 1168 agrum
2225 1072 2455 1144 colen-

319 1191 472 1263 tes,
508 1203 928 1273 quacumque
955 1177 1165 1249 terra²
1167 1164 1403 1249 ⁶infra
1445 1195 1578 1250 tres
1616 1181 1817 1276 pedes
1840 1167 2111 1264 effossa,
2140 1193 2207 1250 et
2237 1178 2455 1274 pedali

322 1285 764 1354 crassitudine
798 1285 1038 1378 injecta
1077 1284 1430 1356 laetificent.
1463 1287 1595 1357 Sed
1628 1312 1706 1356 ea
1740 1312 1876 1358 non
1912 1286 2155 1356 diutius
2183 1286 2371 1354 annis
2401 1309 2451 1354 x

327 1390 622 1484 prodest.
654 1391 871 1460 Hedui
912 1405 980 1460 et
1013 1392 1320 1462 Pictones
1351 1392 1531 1463 calce
1562 1393 1934 1462 uberrimos
1973 1392 2187 1461 fecere
2228 1415 2453 1485 agros:

323 1521 474 1590 quae
515 1522 673 1566 sane
720 1511 789 1566 et
830 1498 990 1568 oleis
1011 1551 1032 1581 ‚
1063 1510 1131 1567 et
1160 1498 1400 1568 vitibus
1445 1497 1783 1569 utilissima
1824 1499 2175 1593 reperitur.
2220 1498 2455 1566 Omnis
2488 1503 2522 1552 6

327 1617 554 1672 autem
610 1625 841 1698 marga
881 1617 1069 1672 arato
1111 1604 1460 1696 injicienda
1479 1602 1527 1644 ²⁷
1584 1620 1682 1674 est
1699 1659 1719 1692 ‚
1771 1620 1845 1673 ut
1904 1603 2457 1673 medicamentum

327 1710 626 1804 rapiatur
658 1734 674 1777 :
715 1723 784 1778 et
811 1709 948 1778 fimi
978 1709 1304 1778 desiderat
1328 1709 1841 1805 aliquantulum,
1876 1733 2023 1804 quae
2063 1711 2278 1804 primo
2310 1707 2459 1803 plus

325 1838 586 1909 aspera,
611 1828 678 1885 et
697 1840 845 1909 quae
877 1816 946 1882 in
987 1815 1227 1884 herbas
1267 1841 1402 1885 non
1439 1816 1839 1886 effunditur:
1872 1814 2115 1909 alioqui
2132 1815 2459 1897 novitate,

327 1945 761 2015 quaecumque
786 1920 1006 2000 fuerit,
1041 1919 1256 1990 solum
1282 1919 1502 2004 laedet,
1533 1948 1619 1992 ne
1647 1924 1739 1992 sic
1768 1920 2032 2016 quidem
2058 1923 2277 2015 primo
2310 1933 2461 2015 post

325 2049 506 2097 anno
547 2025 798 2096 fertilis.
841 2029 1131 2096 Interest
1164 2040 1231 2095 et
1265 2026 1441 2121 quali
1479 2027 1623 2098 solo
1661 2043 2013 2123 quaeratur.
2054 2028 2245 2096 Sicca
2284 2026 2461 2096 enim

329 2242 448 2296 cap.
471 2228 506 2278 6
533 2243 553 2278 ς
582 2249 606 2272 ι
637 2223 824 2276 Solum
847 2236 1115 2277 terrenum
1235 2225 1348 2278 vel·

331 2317 390 2357 ut
415 2304 699 2375 Signinum
739 2320 902 2373 opus,
933 2303 1186 2375 paviculis
1217 2321 1350 2358 con-

329 2382 600 2437 densatur.
631 2407 654 2430 ι
685 2382 866 2436 naun.

411 2481 440 2514 2
454 2482 505 2515 a.
547 2462 894 2532 Eglecopalam
937 2463 1166 2533 appellae-
1211 2462 1348 2526 Qui·

1439 2245 1500 2280 ac
1528 2225 1650 2298 gelu
1678 2228 1971 2280 solvuntur.
2008 2227 2189 2280 man.
2222 2255 2305 2268 —-
2340 2225 2461 2279 Gle-

1436 2307 1510 2358 in‘s
1526 2346 1541 2371 ,
1564 2315 1665 2360 etc.
1689 2305 1823 2359 Inde
1844 2304 2147 2358 columbina
2168 2305 2259 2358 ina
2282 2323 2460 2376 marga

1438 2385 1639 2518 gicitm·
1672 2404 1885 2458 quoque
1926 2386 1978 2437 la
2017 2404 2180 2436 mame
2201 2387 2457 2456 pice-reme.

1485 2485 1611 2519 nor.

329 2540 455 2596 dam
505 2542 692 2615 legunt
737 2541 1055 2612 Aiglipeliam
1073 2579 1089 2605 ‚
1135 2539 1195 2595 id
1224 2555 1348 2608 cst,

329 2621 662 2693 splendidam
703 2634 759 2675 et
791 2620 1014 2675 lividam
1041 2640 1056 2674 :
1093 2621 1303 2691 αἰγλῆιις
1329 2662 1344 2685 ,

329 2700 569 2767 lucidus3
602 2702 800 2768 πιλιὸς,
829 2699 1040 2755 lividus.
1083 2702 1348 2755 Ceterum

330 2798 392 2835 ea
423 2800 534 2834 vox
570 2798 742 2852 graeca
793 2779 972 2851 potius
997 2780 1158 2835 fuerit
1184 2799 1352 2851 quam

331 2860 531 2932 gallica.
582 2862 648 2913 Iu
673 2872 878 2913 vetusto
911 2860 1126 2930 legitur,
1150 2880 1238 2911 suo
1261 2879 1351 2913 no·

331 2944 456 2992 nine
479 2960 505 2991 e
526 2959 690 3010 ὀνο-αα)
734 2930 918 3009 (lego,
967 2940 1056 2991 sed
1085 2951 1134 2991 et
1155 2935 1352 3009 greco)

331 3020 508 3071 Pelian
531 3020 778 3091 appellat.
801 3020 1006 3072 DAz-nc.
1029 3052 1110 3061 --
1135 3019 1266 3089 Egle
1265 3038 1348 3069 co-

323 3100 511 3170 pulam.
537 3100 616 3153 Ita
649 3098 802 3151 MSS.
842 3117 1046 3153 omnes.
1086 3097 1348 3153 Celticum

329 3196 528 3231 nomen
556 3196 666 3231 esse
691 3178 898 3231 Plinius
931 3190 1111 3248 aperte
1137 3188 1349 3243 monet;

330 3284 496 3336 quare
544 3264 792 3336 displicet
849 3264 1120 3317 Hermolai
1171 3265 1351 3335 conje-

331 3358 482 3399 ctura
505 3344 728 3417 legentis
754 3363 785 3397 e
803 3361 974 3415 greco
982 3346 1150 3415 pelian
1163 3363 1184 3397 .·
1204 3356 1265 3397 ut
1285 3342 1354 3397 sit

328 3424 589 3478 sententia
605 3462 622 3485 ,
662 3422 860 3477 Gallias
908 3442 937 3476 a
982 3440 1154 3495 groco
1205 3442 1352 3477 acce·

329 3517 488 3573 ptum
512 3521 714 3557 nomen
749 3502 1048 3574 corrupisse
1077 3504 1138 3555 in
1176 3521 1352 3555 suum.

331 3583 520 3637 Graece
547 3582 690 3635 enim
717 3580 916 3643 πιλειὰς
939 3582 1186 3636 columba
1215 3580 1353 3635 dici-

330 3674 436 3727 tur,
561 3680 604 3714 ω
641 3660 812 3715 livido
852 3661 1034 3715 colore
1062 3678 1076 3714 :
1109 3659 1256 3713 unde
1296 3674 1352 3714 et

329 3760 526 3795 nomen
545 3756 739 3813 margo
765 3741 1101 3796 columbine.
1127 3740 1308 3793 naun.

411 3820 501 3874 23.
537 3819 710 3875 Glebis
729 3826 968 3873 excitatur
993 3820 1147 3891 lapid.
1170 3820 1310 3872 modo
1327 3839 1349 3882 ,-

328 3902 428 3953 sole
457 3913 506 3951 ee
541 3902 818 3970 gelatione,
837 3910 937 3953 etc.
982 3900 1030 3951 E
1065 3912 1206 3953 terra
1239 3918 1352 3951 ma·

325 3983 464 4051 jures
497 3984 618 4051 ejus
647 3996 839 4051 margo
866 3978 1033 4033 moles
1059 3997 1152 4032 seu
1179 3977 1352 4049 glebo

328 4060 698 4121 extnhuutur,
733 4072 796 4111 ut
820 4056 1022 4129 lapides
1047 4078 1078 4111 e
1103 4056 1351 4129 lapidici-

329 4139 446 4193 nis:
469 4136 676 4193 eodem
706 4139 766 4191 in
784 4150 972 4193 tenues
985 4140 1221 4192 bracteas
1242 4138 1354 4191 sole

1519 2551 1609 2609 ²4·
1641 2545 1767 2597 Hoec
1798 2563 1857 2597 ex
1888 2562 2025 2616 oequo
2038 2544 2243 2611 senilis.
2272 2541 2461 2597 Pabuli

1436 2626 1693 2679 nimirum
1719 2642 1780 2677 ac
1811 2626 2043 2695 frugum.
2071 2623 2261 2677 Han.
2356 2677 2367 2683 ,

1523 2705 1617 2759 2⁵.
1662 2705 1809 2759 Ubios
1834 2706 2049 2774 gentium
2074 2704 2200 2756 solos
2227 2705 2457 2756 novimus.

1438 2784 1572 2837 Ubii
1603 2784 1918 2837 Germanica
1944 2801 2071 2853 gens
2110 2796 2251 2841 erat,
2282 2780 2374 2835 sed
2404 2782 2461 2835 in

1439 2863 1703 2917 Gallicam
1729 2865 1903 2933 ripam
1928 2880 1958 2915 a
1988 2862 2241 2915 Romanis
2280 2859 2462 2915 tmdu-

1440 2957 1544 3006 cta,
1562 2962 1669 3015 quo
1700 2943 1819 2996 loco
1840 2960 1989 2995 nunc
2015 2953 2093 2995 cst
2122 2940 2463 2994 celeberrima

1445 3021 1855 3095 Agrippinensis
1876 3020 2107 3075 colonia.
2125 3019 2342 3072 Gunx.

1521 3108 1607 3155 26.
1664 3104 1971 3174 Quacumque
2015 3112 2144 3152 terra
2194 3101 2325 3164 infra
2366 3109 2463 3151 tres

1430 3182 1578 3253 pedes
1616 3183 1824 3248 effossa,
1860 3192 1911 3231 et
1942 3178 2110 3249 pedali
2146 3178 2465 3231 crassitudine

1440 3264 1617 3331 injecta
1646 3259 1907 3329 loetaeficem.
1928 3260 2131 3311 Laetum
2152 3275 2337 3329 agrum
2354 3295 2371 3322 ‚
2389 3257 2465 3309 in-

1439 3340 1587 3412 quit,
1635 3341 1969 3410 uberemque.
2006 3336 2210 3391 faciunt
2228 3374 2249 3403 ‚-
2294 3356 2459 3409 quum

1439 3432 1637 3473 tex-mm
1677 3419 1814 3471 infra
1860 3430 1965 3471 tres
2014 3415 2176 3488 pedes
2218 3416 2459 3471 effossam

1437 3498 1688 3553 steriliori
1706 3500 1821 3552 solo
1850 3496 2101 3569 injiciunt
2117 3494 2295 3567 pedali
2319 3513 2459 3550 cras-

1438 3576 1685 3633 situdine.
1712 3578 1892 3631 Esau.

1524 3677 1616 3728 27.
1666 3658 1837 3711 Omnis
1884 3668 2039 3709 autem
2094 3674 2267 3725 marga
2319 3665 2461 3706 arato

1436 3736 1693 3807 injicienda
1719 3750 1792 3789 est
1812 3776 1831 3800 ,
1872 3747 1928 3788 nt
1960 3735 2347 3789 medicamentum
2378 3754 2461 3785 ra·

1432 3822 1621 3889 piatur,
1648 3831 1747 3871 etc.
1786 3818 1893 3871 Ubi
1916 3818 2025 3885 jam
2054 3813 2225 3867 solum
2258 3825 2462 3866 aratum

1442 3909 1558 3951 est:
1601 3909 1659 3949 ut
1702 3908 1842 3949 terra
1882 3894 2087 3948 facilius
2116 3894 2227 3946 vim
2270 3909 2462 3963 margae

1439 3974 1753 4031 medicatam
1815 3989 1869 4028 et
1918 3974 2183 4027 salubrem
2237 3971 2463 4023 hauriat.

1443 4056 1507 4107 In
1546 4055 1698 4110 libris
1736 4052 2053 4127 quibusdam
2084 4062 2277 4116 aratro,
2304 4049 2461 4103 male.

1450 4134 1631 4189 Ham).
