<?xml version="1.0" encoding="UTF-8"?>
<!DOCTYPE html PUBLIC "-//W3C//DTD XHTML 1.0 Transitional//EN"
    "http://www.w3.org/TR/xhtml1/DTD/xhtml1-transitional.dtd">
<html xmlns="http://www.w3.org/1999/xhtml" xml:lang="en" lang="en">
 <head>
  <title>
</title>
<meta http-equiv="Content-Type" content="text/html;charset=utf-8" />
  <meta name='ocr-system' content='tesseract 3.04.00' />
  <meta name='ocr-capabilities' content='ocr_page ocr_carea ocr_par ocr_line ocrx_word'/>
</head>
<body>
  <div class='ocr_page' id='page_1' title='image "./caiipliniisecun01hardgoog/caiipliniisecun01hardgoog_0096.png"; bbox 0 0 3150 5150; ppageno 0'>
   <div class='ocr_carea' id='block_1_1' title="bbox 793 541 888 610">
    <p class='ocr_par' dir='ltr' id='par_1_1' title="bbox 793 541 888 610">
     <span class='ocr_line' id='line_1_1' title="bbox 793 541 888 610; baseline 0 0"><span class='ocrx_word' id='word_1_1' title='bbox 793 541 888 610; x_wconf 77' lang='lat'><strong>86</strong></span> 
     </span>
    </p>
   </div>
   <div class='ocr_carea' id='block_1_2' title="bbox 1319 544 2376 614">
    <p class='ocr_par' dir='ltr' id='par_1_2' title="bbox 1319 544 2376 614">
     <span class='ocr_line' id='line_1_2' title="bbox 1319 544 2376 614; baseline -0.002 -2"><span class='ocrx_word' id='word_1_2' title='bbox 1319 546 1395 612; x_wconf 93' lang='lat' dir='ltr'><strong>C.</strong></span> <span class='ocrx_word' id='word_1_3' title='bbox 1453 544 1796 614; x_wconf 89' lang='lat' dir='ltr'><strong>PLINII</strong></span> <span class='ocrx_word' id='word_1_4' title='bbox 1850 547 2066 614; x_wconf 82' lang='lat' dir='ltr'><strong>NAT.</strong></span> <span class='ocrx_word' id='word_1_5' title='bbox 2126 546 2376 613; x_wconf 88' lang='lat' dir='ltr'><strong>HIST.</strong></span> 
     </span>
    </p>
   </div>
   <div class='ocr_carea' id='block_1_3' title="bbox 787 662 2929 770">
    <p class='ocr_par' dir='ltr' id='par_1_3' title="bbox 787 662 2929 770">
     <span class='ocr_line' id='line_1_3' title="bbox 787 662 2929 770; baseline 0.003 -32"><span class='ocrx_word' id='word_1_6' title='bbox 787 671 1158 767; x_wconf 79' lang='lat' dir='ltr'>palmipede</span> <span class='ocrx_word' id='word_1_7' title='bbox 1207 662 1655 760; x_wconf 83' lang='lat' dir='ltr'><strong>intervallo²⁵‚</strong></span> <span class='ocrx_word' id='word_1_8' title='bbox 1699 691 1875 744; x_wconf 85' lang='lat' dir='ltr'><strong>terra</strong></span> <span class='ocrx_word' id='word_1_9' title='bbox 1918 676 2358 770; x_wconf 82' lang='lat' dir='ltr'><strong>superinjecta</strong></span> <span class='ocrx_word' id='word_1_10' title='bbox 2402 673 2689 744; x_wconf 86' lang='lat' dir='ltr'><strong>duorum</strong></span> <span class='ocrx_word' id='word_1_11' title='bbox 2740 677 2929 745; x_wconf 88' lang='lat' dir='ltr'><strong>cubi-</strong></span> 
     </span>
    </p>
   </div>
   <div class='ocr_carea' id='block_1_4' title="bbox 788 781 1508 850">
    <p class='ocr_par' dir='ltr' id='par_1_4' title="bbox 788 781 1508 850">
     <span class='ocr_line' id='line_1_4' title="bbox 788 781 1508 850; baseline 0.001 -4"><span class='ocrx_word' id='word_1_12' title='bbox 788 793 1007 846; x_wconf 85' lang='lat' dir='ltr'><strong>torum</strong></span> <span class='ocrx_word' id='word_1_13' title='bbox 1055 781 1508 850; x_wconf 81' lang='lat' dir='ltr'><strong>crassitudine.</strong></span> 
     </span>
    </p>
   </div>
   <div class='ocr_carea' id='block_1_5' title="bbox 771 887 2934 1621">
    <p class='ocr_par' dir='ltr' id='par_1_5' title="bbox 771 887 2934 1621">
     <span class='ocr_line' id='line_1_5' title="bbox 894 887 2934 980; baseline 0.003 -30"><span class='ocrx_word' id='word_1_14' title='bbox 894 887 1220 956; x_wconf 83' lang='lat' dir='ltr'><strong>XXXIII.</strong></span> <span class='ocrx_word' id='word_1_15' title='bbox 1256 887 1572 958; x_wconf 84' lang='lat' dir='ltr'><strong>Arundo¹</strong></span> <span class='ocrx_word' id='word_1_16' title='bbox 1614 889 1971 958; x_wconf 84' lang='lat' dir='ltr'><strong>etiamnum</strong></span> <span class='ocrx_word' id='word_1_17' title='bbox 2010 887 2351 973; x_wconf 84' lang='lat' dir='ltr'><strong>dilutiore,</strong></span> <span class='ocrx_word' id='word_1_18' title='bbox 2378 911 2577 980; x_wconf 89' lang='lat' dir='ltr'><strong>quam</strong></span> <span class='ocrx_word' id='word_1_19' title='bbox 2603 888 2741 970; x_wconf 79' lang='lat' dir='ltr'><strong>hae,</strong></span> <span class='ocrx_word' id='word_1_20' title='bbox 2786 888 2934 957; x_wconf 93' lang='lat' dir='ltr'><strong>solo</strong></span> 
     </span>
     <span class='ocr_line' id='line_1_6' title="bbox 771 991 2933 1130; baseline 0.001 -71"><span class='ocrx_word' id='word_1_21' title='bbox 771 991 1051 1086; x_wconf 75' lang='lat' dir='ltr'><strong>gaudet.</strong></span> <span class='ocrx_word' id='word_1_22' title='bbox 1077 991 1369 1062; x_wconf 86' lang='lat' dir='ltr'><strong>Seritur²</strong></span> <span class='ocrx_word' id='word_1_23' title='bbox 1409 993 1617 1064; x_wconf 88' lang='lat' dir='ltr'><strong>bulbo</strong></span> <span class='ocrx_word' id='word_1_24' title='bbox 1657 994 1931 1073; x_wconf 82' lang='lat' dir='ltr'><strong>radicis,</strong></span> <span class='ocrx_word' id='word_1_25' title='bbox 1972 1018 2171 1130; x_wconf 88' lang='lat' dir='ltr'><strong>quem</strong></span> <span class='ocrx_word' id='word_1_26' title='bbox 2202 992 2311 1061; x_wconf 89' lang='lat' dir='ltr'><strong>alii</strong></span> <span class='ocrx_word' id='word_1_27' title='bbox 2340 993 2607 1061; x_wconf 87' lang='lat' dir='ltr'><strong>oculum</strong></span> <span class='ocrx_word' id='word_1_28' title='bbox 2646 1011 2933 1080; x_wconf 78' lang='lat' dir='ltr'><strong>vocant,</strong></span> 
     </span>
     <span class='ocr_line' id='line_1_7' title="bbox 787 1085 2927 1194; baseline 0.001 -28"><span class='ocrx_word' id='word_1_29' title='bbox 787 1085 1204 1172; x_wconf 83' lang='lat' dir='ltr'><strong>dodrantali³</strong></span> <span class='ocrx_word' id='word_1_30' title='bbox 1234 1101 1508 1188; x_wconf 82' lang='lat' dir='ltr'><strong>scrobe,</strong></span> <span class='ocrx_word' id='word_1_31' title='bbox 1536 1100 1885 1170; x_wconf 83' lang='lat' dir='ltr'><strong>intervallo</strong></span> <span class='ocrx_word' id='word_1_32' title='bbox 1906 1087 2157 1169; x_wconf 80' lang='lat' dir='ltr'><strong>duum⁴</strong></span> <span class='ocrx_word' id='word_1_33' title='bbox 2180 1099 2427 1194; x_wconf 86' lang='lat' dir='ltr'><strong>pedum</strong></span> <span class='ocrx_word' id='word_1_34' title='bbox 2452 1114 2518 1169; x_wconf 88' lang='lat' dir='ltr'><strong>et</strong></span> <span class='ocrx_word' id='word_1_35' title='bbox 2536 1101 2927 1194; x_wconf 79' lang='lat' dir='ltr'><strong>semipedis:</strong></span> 
     </span>
     <span class='ocr_line' id='line_1_8' title="bbox 788 1205 2931 1301; baseline 0 -27"><span class='ocrx_word' id='word_1_36' title='bbox 788 1205 1216 1300; x_wconf 77' lang='lat' dir='ltr'><strong>reficiturque</strong></span> <span class='ocrx_word' id='word_1_37' title='bbox 1261 1232 1347 1278; x_wconf 78' lang='lat' dir='ltr'><strong>ex</strong></span> <span class='ocrx_word' id='word_1_38' title='bbox 1397 1231 1538 1278; x_wconf 82' lang='lat' dir='ltr'><strong>sese</strong></span> <span class='ocrx_word' id='word_1_39' title='bbox 1586 1222 1814 1276; x_wconf 83' lang='lat' dir='ltr'><strong>vetere</strong></span> <span class='ocrx_word' id='word_1_40' title='bbox 1861 1207 2259 1276; x_wconf 83' lang='lat' dir='ltr'><strong>arundineto</strong></span> <span class='ocrx_word' id='word_1_41' title='bbox 2302 1208 2709 1301; x_wconf 79' lang='lat' dir='ltr'><strong>exstirpato,</strong></span> <span class='ocrx_word' id='word_1_42' title='bbox 2748 1207 2931 1300; x_wconf 87' lang='lat' dir='ltr'><strong>quod</strong></span> 
     </span>
     <span class='ocr_line' id='line_1_9' title="bbox 786 1299 2929 1444; baseline 0.002 -66"><span class='ocrx_word' id='word_1_43' title='bbox 786 1310 1012 1384; x_wconf 83' lang='lat' dir='ltr'><strong>utilius</strong></span> <span class='ocrx_word' id='word_1_44' title='bbox 1058 1327 1430 1407; x_wconf 87' lang='lat' dir='ltr'><strong>repertum,</strong></span> <span class='ocrx_word' id='word_1_45' title='bbox 1487 1336 1689 1408; x_wconf 85' lang='lat' dir='ltr'><strong>quam</strong></span> <span class='ocrx_word' id='word_1_46' title='bbox 1744 1299 2067 1384; x_wconf 85' lang='lat' dir='ltr'><strong>castrare⁵</strong></span> <span class='ocrx_word' id='word_1_47' title='bbox 2110 1316 2282 1382; x_wconf 83' lang='lat' dir='ltr'><strong>sicut</strong></span> <span class='ocrx_word' id='word_1_48' title='bbox 2330 1327 2571 1382; x_wconf 83' lang='lat' dir='ltr'><strong>antea:</strong></span> <span class='ocrx_word' id='word_1_49' title='bbox 2634 1337 2929 1444; x_wconf 85' lang='lat' dir='ltr'><strong>namque</strong></span> 
     </span>
     <span class='ocr_line' id='line_1_10' title="bbox 785 1404 2933 1515; baseline 0.001 -30"><span class='ocrx_word' id='word_1_50' title='bbox 785 1419 956 1486; x_wconf 87' lang='lat' dir='ltr'><strong>inter</strong></span> <span class='ocrx_word' id='word_1_51' title='bbox 985 1443 1055 1488; x_wconf 86' lang='lat' dir='ltr'><strong>se</strong></span> <span class='ocrx_word' id='word_1_52' title='bbox 1091 1419 1344 1490; x_wconf 81' lang='lat' dir='ltr'><strong>radices</strong></span> <span class='ocrx_word' id='word_1_53' title='bbox 1381 1435 1680 1515; x_wconf 87' lang='lat' dir='ltr'><strong>serpunt,</strong></span> <span class='ocrx_word' id='word_1_54' title='bbox 1710 1435 2073 1514; x_wconf 86' lang='lat' dir='ltr'><strong>mutuoque</strong></span> <span class='ocrx_word' id='word_1_55' title='bbox 2108 1419 2409 1490; x_wconf 85' lang='lat' dir='ltr'><strong>discursu</strong></span> <span class='ocrx_word' id='word_1_56' title='bbox 2444 1404 2719 1488; x_wconf 77' lang='lat' dir='ltr'><strong>nentur⁶</strong></span> <span class='ocrx_word' id='word_1_57' title='bbox 2722 1423 2933 1488; x_wconf 80' lang='lat' dir='ltr'><strong>‚Tem-</strong></span> 
     </span>
     <span class='ocr_line' id='line_1_11' title="bbox 787 1525 2929 1621; baseline 0.001 -29"><span class='ocrx_word' id='word_1_58' title='bbox 787 1549 909 1617; x_wconf 87' lang='lat' dir='ltr'><strong>pus</strong></span> <span class='ocrx_word' id='word_1_59' title='bbox 937 1525 1779 1621; x_wconf 84' lang='lat' dir='ltr'><strong>conserendi⁷‚priusquam</strong></span> <span class='ocrx_word' id='word_1_60' title='bbox 1806 1526 1983 1597; x_wconf 89' lang='lat' dir='ltr'><strong>oculi</strong></span> <span class='ocrx_word' id='word_1_61' title='bbox 2010 1526 2413 1595; x_wconf 85' lang='lat' dir='ltr'><strong>arundinum</strong></span> <span class='ocrx_word' id='word_1_62' title='bbox 2447 1527 2929 1609; x_wconf 73' lang='lat' dir='ltr'><strong>intumescant,</strong></span> 
     </span>
    </p>
   </div>
   <div class='ocr_carea' id='block_1_6' title="bbox 781 1707 1815 2814">
    <p class='ocr_par' dir='ltr' id='par_1_6' title="bbox 781 1707 1807 2096">
     <span class='ocr_line' id='line_1_12' title="bbox 873 1707 1807 1779; baseline 0.006 -21"><span class='ocrx_word' id='word_1_63' title='bbox 873 1727 892 1758; x_wconf 84' lang='grc' dir='ltr'>ι</span> <span class='ocrx_word' id='word_1_64' title='bbox 908 1708 958 1760; x_wconf 78' lang='lat'><strong>5.</strong></span> <span class='ocrx_word' id='word_1_65' title='bbox 974 1707 1252 1779; x_wconf 80' lang='lat' dir='ltr'><strong>Palmipede</strong></span> <span class='ocrx_word' id='word_1_66' title='bbox 1269 1712 1536 1763; x_wconf 76' lang='lat' dir='ltr'><strong>intervallo.</strong></span> <span class='ocrx_word' id='word_1_67' title='bbox 1551 1711 1807 1765; x_wconf 83' lang='lat' dir='ltr'><strong>Serantur</strong></span> 
     </span>
     <span class='ocr_line' id='line_1_13' title="bbox 784 1787 1805 1862; baseline 0.006 -25"><span class='ocrx_word' id='word_1_68' title='bbox 784 1787 998 1839; x_wconf 80' lang='lat' dir='ltr'><strong>arbores</strong></span> <span class='ocrx_word' id='word_1_69' title='bbox 1023 1788 1188 1858; x_wconf 82' lang='lat' dir='ltr'><strong>palmi</strong></span> <span class='ocrx_word' id='word_1_70' title='bbox 1213 1790 1369 1843; x_wconf 88' lang='lat' dir='ltr'><strong>unius</strong></span> <span class='ocrx_word' id='word_1_71' title='bbox 1395 1791 1533 1843; x_wconf 85' lang='lat' dir='ltr'><strong>inter</strong></span> <span class='ocrx_word' id='word_1_72' title='bbox 1563 1810 1621 1843; x_wconf 88' lang='lat' dir='ltr'><strong>se</strong></span> <span class='ocrx_word' id='word_1_73' title='bbox 1642 1803 1695 1844; x_wconf 86' lang='lat' dir='ltr'><strong>et</strong></span> <span class='ocrx_word' id='word_1_74' title='bbox 1714 1810 1805 1862; x_wconf 86' lang='lat' dir='ltr'><strong>pe-</strong></span> 
     </span>
     <span class='ocr_line' id='line_1_14' title="bbox 783 1865 1808 1940; baseline 0.005 -23"><span class='ocrx_word' id='word_1_75' title='bbox 783 1865 866 1918; x_wconf 85' lang='lat' dir='ltr'><strong>dis</strong></span> <span class='ocrx_word' id='word_1_76' title='bbox 889 1866 1187 1921; x_wconf 78' lang='lat' dir='ltr'><strong>intervallo.</strong></span> <span class='ocrx_word' id='word_1_77' title='bbox 1217 1869 1630 1940; x_wconf 77' lang='lat' dir='ltr'><strong>palmipedalem</strong></span> <span class='ocrx_word' id='word_1_78' title='bbox 1657 1889 1808 1924; x_wconf 87' lang='lat' dir='ltr'><strong>men-</strong></span> 
     </span>
     <span class='ocr_line' id='line_1_15' title="bbox 783 1949 1806 2016; baseline 0.006 -18"><span class='ocrx_word' id='word_1_79' title='bbox 783 1965 959 1998; x_wconf 85' lang='lat' dir='ltr'><strong>suram</strong></span> <span class='ocrx_word' id='word_1_80' title='bbox 1001 1958 1158 2000; x_wconf 82' lang='lat' dir='ltr'><strong>vocat</strong></span> <span class='ocrx_word' id='word_1_81' title='bbox 1200 1949 1495 2002; x_wconf 78' lang='lat' dir='ltr'><strong>Columella</strong></span> <span class='ocrx_word' id='word_1_82' title='bbox 1515 1988 1531 2016; x_wconf 90' lang='lat'>,</span> <span class='ocrx_word' id='word_1_83' title='bbox 1573 1950 1667 2003; x_wconf 80' lang='lat' dir='ltr'><strong>lib.</strong></span> <span class='ocrx_word' id='word_1_84' title='bbox 1696 1952 1806 2014; x_wconf 83' lang='lat'>111,</span> 
     </span>
     <span class='ocr_line' id='line_1_16' title="bbox 781 2027 1234 2096; baseline 0 -18"><span class='ocrx_word' id='word_1_85' title='bbox 781 2045 902 2096; x_wconf 87' lang='lat' dir='ltr'><strong>cap.</strong></span> <span class='ocrx_word' id='word_1_86' title='bbox 939 2045 1026 2096; x_wconf 88' lang='lat'><strong>¹9·</strong></span> <span class='ocrx_word' id='word_1_87' title='bbox 1053 2027 1234 2080; x_wconf 62' lang='lat' dir='ltr'><strong>Hann.</strong></span> 
     </span>
    </p>

    <p class='ocr_par' dir='ltr' id='par_1_7' title="bbox 781 2106 1815 2814">
     <span class='ocr_line' id='line_1_17' title="bbox 863 2106 1807 2164; baseline 0.004 -6"><span class='ocrx_word' id='word_1_88' title='bbox 863 2106 1128 2160; x_wconf 79' lang='lat' dir='ltr'><strong>XXXIII.</strong></span> <span class='ocrx_word' id='word_1_89' title='bbox 1167 2123 1216 2160; x_wconf 79' lang='lat' dir='ltr'><strong>t.</strong></span> <span class='ocrx_word' id='word_1_90' title='bbox 1249 2108 1477 2161; x_wconf 77' lang='lat' dir='ltr'><strong>Arundo.</strong></span> <span class='ocrx_word' id='word_1_91' title='bbox 1511 2109 1807 2164; x_wconf 71' lang='lat' dir='ltr'><strong>Columella</strong></span> 
     </span>
     <span class='ocr_line' id='line_1_18' title="bbox 783 2186 1809 2255; baseline 0.004 -17"><span class='ocrx_word' id='word_1_92' title='bbox 783 2186 1047 2255; x_wconf 77' lang='lat' dir='ltr'><strong>eleganter</strong></span> <span class='ocrx_word' id='word_1_93' title='bbox 1070 2187 1166 2240; x_wconf 90' lang='lat' dir='ltr'><strong>lib.</strong></span> <span class='ocrx_word' id='word_1_94' title='bbox 1191 2189 1291 2252; x_wconf 83' lang='lat' dir='ltr'><strong>IV,</strong></span> <span class='ocrx_word' id='word_1_95' title='bbox 1307 2207 1356 2242; x_wconf 85' lang='lat' dir='ltr'><strong>c.</strong></span> <span class='ocrx_word' id='word_1_96' title='bbox 1385 2188 1455 2240; x_wconf 78' lang='lat'><strong>32</strong></span> <span class='ocrx_word' id='word_1_97' title='bbox 1479 2207 1534 2242; x_wconf 64' lang='lat' dir='ltr'><strong>:a</strong></span> <span class='ocrx_word' id='word_1_98' title='bbox 1551 2188 1809 2254; x_wconf 72' lang='lat' dir='ltr'><strong>Aruudo,</strong></span> 
     </span>
     <span class='ocr_line' id='line_1_19' title="bbox 783 2266 1808 2338; baseline 0.005 -22"><span class='ocrx_word' id='word_1_99' title='bbox 783 2266 957 2336; x_wconf 82' lang='lat' dir='ltr'><strong>inquit</strong></span> <span class='ocrx_word' id='word_1_100' title='bbox 974 2301 992 2328; x_wconf 81' lang='lat'>‚</span> <span class='ocrx_word' id='word_1_101' title='bbox 1022 2285 1190 2338; x_wconf 84' lang='lat' dir='ltr'><strong>quum</strong></span> <span class='ocrx_word' id='word_1_102' title='bbox 1229 2267 1297 2319; x_wconf 85' lang='lat' dir='ltr'><strong>sit</strong></span> <span class='ocrx_word' id='word_1_103' title='bbox 1323 2268 1648 2324; x_wconf 80' lang='lat' dir='ltr'><strong>vivacissima</strong></span> <span class='ocrx_word' id='word_1_104' title='bbox 1664 2307 1680 2332; x_wconf 92' lang='lat'>‚</span> <span class='ocrx_word' id='word_1_105' title='bbox 1706 2287 1808 2321; x_wconf 88' lang='lat' dir='ltr'><strong>nec</strong></span> 
     </span>
     <span class='ocr_line' id='line_1_20' title="bbox 783 2346 1811 2419; baseline 0.005 -23"><span class='ocrx_word' id='word_1_106' title='bbox 783 2357 988 2398; x_wconf 81' lang='lat' dir='ltr'><strong>recuset</strong></span> <span class='ocrx_word' id='word_1_107' title='bbox 1032 2346 1204 2398; x_wconf 80' lang='lat' dir='ltr'><strong>ullum</strong></span> <span class='ocrx_word' id='word_1_108' title='bbox 1251 2347 1461 2411; x_wconf 80' lang='lat' dir='ltr'><strong>locum,</strong></span> <span class='ocrx_word' id='word_1_109' title='bbox 1501 2349 1811 2419; x_wconf 75' lang='lat' dir='ltr'><strong>prosperius</strong></span> 
     </span>
     <span class='ocr_line' id='line_1_21' title="bbox 783 2425 1810 2496; baseline 0.005 -21"><span class='ocrx_word' id='word_1_110' title='bbox 783 2425 1049 2487; x_wconf 83' lang='lat' dir='ltr'><strong>resoluto,</strong></span> <span class='ocrx_word' id='word_1_111' title='bbox 1095 2441 1256 2496; x_wconf 84' lang='lat' dir='ltr'><strong>quam</strong></span> <span class='ocrx_word' id='word_1_112' title='bbox 1299 2425 1468 2480; x_wconf 88' lang='lat' dir='ltr'><strong>denso</strong></span> <span class='ocrx_word' id='word_1_113' title='bbox 1503 2447 1517 2480; x_wconf 73' lang='grc' dir='ltr'><strong><em>ε</em></strong></span> <span class='ocrx_word' id='word_1_114' title='bbox 1547 2427 1810 2492; x_wconf 81' lang='lat' dir='ltr'><strong>humido,</strong></span> 
     </span>
     <span class='ocr_line' id='line_1_22' title="bbox 781 2505 1807 2579; baseline 0.005 -24"><span class='ocrx_word' id='word_1_115' title='bbox 781 2521 944 2573; x_wconf 82' lang='lat' dir='ltr'><strong>quam</strong></span> <span class='ocrx_word' id='word_1_116' title='bbox 955 2505 1160 2557; x_wconf 85' lang='lat' dir='ltr'><strong>sicco...</strong></span> <span class='ocrx_word' id='word_1_117' title='bbox 1179 2506 1430 2569; x_wconf 71' lang='lat' dir='ltr'><strong>vallibus,</strong></span> <span class='ocrx_word' id='word_1_118' title='bbox 1447 2523 1608 2579; x_wconf 74' lang='lat' dir='ltr'><strong>quam</strong></span> <span class='ocrx_word' id='word_1_119' title='bbox 1628 2508 1807 2561; x_wconf 79' lang='lat' dir='ltr'><strong>clivis:</strong></span> 
     </span>
     <span class='ocr_line' id='line_1_23' title="bbox 783 2582 1809 2656; baseline 0.006 -21"><span class='ocrx_word' id='word_1_120' title='bbox 783 2582 1067 2637; x_wconf 84' lang='lat' dir='ltr'><strong>fluminum</strong></span> <span class='ocrx_word' id='word_1_121' title='bbox 1095 2585 1226 2656; x_wconf 87' lang='lat' dir='ltr'><strong>ripis</strong></span> <span class='ocrx_word' id='word_1_122' title='bbox 1257 2599 1310 2639; x_wconf 87' lang='lat' dir='ltr'><strong>et</strong></span> <span class='ocrx_word' id='word_1_123' title='bbox 1343 2587 1607 2643; x_wconf 84' lang='lat' dir='ltr'><strong>limitibus</strong></span> <span class='ocrx_word' id='word_1_124' title='bbox 1630 2608 1690 2642; x_wconf 83' lang='lat' dir='ltr'><strong>ac</strong></span> <span class='ocrx_word' id='word_1_125' title='bbox 1718 2606 1809 2641; x_wconf 74' lang='lat' dir='ltr'><strong>ve-</strong></span> 
     </span>
     <span class='ocr_line' id='line_1_24' title="bbox 783 2664 1815 2738; baseline 0.006 -21"><span class='ocrx_word' id='word_1_126' title='bbox 783 2664 946 2733; x_wconf 84' lang='lat' dir='ltr'><strong>pretis</strong></span> <span class='ocrx_word' id='word_1_127' title='bbox 995 2664 1324 2719; x_wconf 84' lang='lat' dir='ltr'><strong>commodius</strong></span> <span class='ocrx_word' id='word_1_128' title='bbox 1344 2705 1361 2730; x_wconf 88' lang='lat'><em>,</em></span> <span class='ocrx_word' id='word_1_129' title='bbox 1409 2685 1572 2738; x_wconf 75' lang='lat' dir='ltr'><strong>quum</strong></span> <span class='ocrx_word' id='word_1_130' title='bbox 1624 2667 1815 2723; x_wconf 83' lang='lat' dir='ltr'><strong>mediis</strong></span> 
     </span>
     <span class='ocr_line' id='line_1_25' title="bbox 784 2742 1811 2814; baseline 0.006 -19"><span class='ocrx_word' id='word_1_131' title='bbox 784 2743 920 2813; x_wconf 77' lang='lat' dir='ltr'><strong>agris</strong></span> <span class='ocrx_word' id='word_1_132' title='bbox 948 2742 1252 2814; x_wconf 79' lang='lat' dir='ltr'><strong>deponitur.</strong></span> <span class='ocrx_word' id='word_1_133' title='bbox 1277 2772 1300 2792; x_wconf 77' lang='grc' dir='ltr'>ι</span> <span class='ocrx_word' id='word_1_134' title='bbox 1338 2747 1583 2800; x_wconf 84' lang='lat' dir='ltr'><strong>Dilutum</strong></span> <span class='ocrx_word' id='word_1_135' title='bbox 1608 2748 1811 2813; x_wconf 82' lang='lat' dir='ltr'><strong>solum,</strong></span> 
     </span>
    </p>
   </div>
   <div class='ocr_carea' id='block_1_7' title="bbox 783 2822 1831 2899">
    <p class='ocr_par' dir='ltr' id='par_1_8' title="bbox 783 2822 1831 2899">
     <span class='ocr_line' id='line_1_26' title="bbox 783 2822 1831 2899; baseline 0.004 -23"><span class='ocrx_word' id='word_1_136' title='bbox 783 2822 1060 2877; x_wconf 80' lang='lat' dir='ltr'><strong>madidum</strong></span> <span class='ocrx_word' id='word_1_137' title='bbox 1083 2823 1472 2897; x_wconf 81' lang='lat' dir='ltr'><strong>humidumque</strong></span> <span class='ocrx_word' id='word_1_138' title='bbox 1484 2827 1791 2899; x_wconf 86' lang='lat' dir='ltr'><strong>intellige.H</strong></span> <span class='ocrx_word' id='word_1_139' title='bbox 1828 2890 1831 2899; x_wconf 37' lang='grc' dir='ltr'>Ι</span> 
     </span>
    </p>
   </div>
   <div class='ocr_carea' id='block_1_8' title="bbox 773 2903 1812 4173">
    <p class='ocr_par' dir='ltr' id='par_1_9' title="bbox 781 2903 1812 3453">
     <span class='ocr_line' id='line_1_27' title="bbox 869 2903 1807 2961; baseline 0.005 -7"><span class='ocrx_word' id='word_1_140' title='bbox 869 2923 922 2957; x_wconf 82' lang='lat'><strong>2.</strong></span> <span class='ocrx_word' id='word_1_141' title='bbox 953 2903 1160 2956; x_wconf 76' lang='lat' dir='ltr'><strong>Seritur.</strong></span> <span class='ocrx_word' id='word_1_142' title='bbox 1199 2906 1483 2959; x_wconf 90' lang='lat' dir='ltr'><strong>Columell.</strong></span> <span class='ocrx_word' id='word_1_143' title='bbox 1519 2908 1625 2959; x_wconf 86' lang='lat' dir='ltr'><strong>loc.</strong></span> <span class='ocrx_word' id='word_1_144' title='bbox 1664 2908 1807 2961; x_wconf 75' lang='lat' dir='ltr'><strong>citat.</strong></span> 
     </span>
     <span class='ocr_line' id='line_1_28' title="bbox 789 2982 1812 3041; baseline 0.006 -6"><span class='ocrx_word' id='word_1_145' title='bbox 789 3006 814 3029; x_wconf 71' lang='grc' dir='ltr'>α</span> <span class='ocrx_word' id='word_1_146' title='bbox 837 2984 1041 3037; x_wconf 86' lang='lat' dir='ltr'><strong>Seritur</strong></span> <span class='ocrx_word' id='word_1_147' title='bbox 1069 2982 1268 3038; x_wconf 80' lang='lat' dir='ltr'><strong>bulbus</strong></span> <span class='ocrx_word' id='word_1_148' title='bbox 1291 2986 1514 3039; x_wconf 77' lang='lat' dir='ltr'><strong>radicis:</strong></span> <span class='ocrx_word' id='word_1_149' title='bbox 1537 2987 1729 3041; x_wconf 83' lang='lat' dir='ltr'><strong>seritur</strong></span> <span class='ocrx_word' id='word_1_150' title='bbox 1760 2997 1812 3041; x_wconf 84' lang='lat' dir='ltr'><strong>et</strong></span> 
     </span>
     <span class='ocr_line' id='line_1_29' title="bbox 785 3061 1809 3139; baseline 0.008 -26"><span class='ocrx_word' id='word_1_151' title='bbox 785 3061 918 3116; x_wconf 81' lang='lat' dir='ltr'><strong>talea</strong></span> <span class='ocrx_word' id='word_1_152' title='bbox 943 3064 1134 3117; x_wconf 72' lang='lat' dir='ltr'><strong>miani</strong></span> <span class='ocrx_word' id='word_1_153' title='bbox 1156 3083 1171 3118; x_wconf 91' lang='lat'>:</span> <span class='ocrx_word' id='word_1_154' title='bbox 1193 3082 1294 3118; x_wconf 86' lang='lat' dir='ltr'><strong>nec</strong></span> <span class='ocrx_word' id='word_1_155' title='bbox 1319 3068 1495 3119; x_wconf 87' lang='lat' dir='ltr'><strong>minus</strong></span> <span class='ocrx_word' id='word_1_156' title='bbox 1530 3078 1642 3119; x_wconf 83' lang='lat' dir='ltr'><strong>toto</strong></span> <span class='ocrx_word' id='word_1_157' title='bbox 1670 3086 1809 3139; x_wconf 83' lang='lat' dir='ltr'><strong>pro-</strong></span> 
     </span>
     <span class='ocr_line' id='line_1_30' title="bbox 781 3144 1811 3215; baseline 0.007 -22"><span class='ocrx_word' id='word_1_158' title='bbox 781 3144 1038 3197; x_wconf 81' lang='lat' dir='ltr'><strong>sternitur</strong></span> <span class='ocrx_word' id='word_1_159' title='bbox 1057 3162 1299 3215; x_wconf 77' lang='lat' dir='ltr'><strong>corpore.</strong></span> <span class='ocrx_word' id='word_1_160' title='bbox 1323 3171 1345 3192; x_wconf 81' lang='grc' dir='ltr'>ι·</span> <span class='ocrx_word' id='word_1_161' title='bbox 1369 3146 1460 3199; x_wconf 82' lang='grc' dir='ltr'>Διὰ</span> <span class='ocrx_word' id='word_1_162' title='bbox 1477 3152 1575 3198; x_wconf 75' lang='grc' dir='ltr'><strong>τῶν</strong></span> <span class='ocrx_word' id='word_1_163' title='bbox 1604 3145 1811 3212; x_wconf 58' lang='lat' dir='ltr'><strong>[soleam.</strong></span> 
     </span>
     <span class='ocr_line' id='line_1_31' title="bbox 785 3222 1809 3296; baseline 0.009 -24"><span class='ocrx_word' id='word_1_164' title='bbox 785 3222 1033 3292; x_wconf 85' lang='lat' dir='ltr'><strong>Geopon.</strong></span> <span class='ocrx_word' id='word_1_165' title='bbox 1063 3238 1202 3278; x_wconf 74' lang='lat' dir='ltr'><strong>auct.</strong></span> <span class='ocrx_word' id='word_1_166' title='bbox 1231 3226 1325 3281; x_wconf 86' lang='lat' dir='ltr'><strong>lib.</strong></span> <span class='ocrx_word' id='word_1_167' title='bbox 1347 3227 1418 3290; x_wconf 88' lang='lat' dir='ltr'><strong>V,</strong></span> <span class='ocrx_word' id='word_1_168' title='bbox 1445 3244 1560 3296; x_wconf 84' lang='lat' dir='ltr'><strong>cap.</strong></span> <span class='ocrx_word' id='word_1_169' title='bbox 1612 3226 1699 3280; x_wconf 81' lang='lat'><strong>51.</strong></span> <span class='ocrx_word' id='word_1_170' title='bbox 1730 3229 1809 3281; x_wconf 89' lang='lat' dir='ltr'><strong>De</strong></span> 
     </span>
     <span class='ocr_line' id='line_1_32' title="bbox 781 3302 1810 3377; baseline 0.008 -25"><span class='ocrx_word' id='word_1_171' title='bbox 781 3302 1060 3357; x_wconf 74' lang='lat' dir='ltr'><strong>arundinis</strong></span> <span class='ocrx_word' id='word_1_172' title='bbox 1079 3306 1250 3357; x_wconf 74' lang='lat' dir='ltr'><strong>oculis</strong></span> <span class='ocrx_word' id='word_1_173' title='bbox 1272 3306 1476 3376; x_wconf 83' lang='lat' dir='ltr'><strong>egimus</strong></span> <span class='ocrx_word' id='word_1_174' title='bbox 1501 3308 1594 3359; x_wconf 87' lang='lat' dir='ltr'><strong>lib.</strong></span> <span class='ocrx_word' id='word_1_175' title='bbox 1626 3320 1810 3377; x_wconf 74' lang='lat' dir='ltr'><strong>super.</strong></span> 
     </span>
     <span class='ocr_line' id='line_1_33' title="bbox 784 3384 1248 3453; baseline 0.015 -22"><span class='ocrx_word' id='word_1_176' title='bbox 784 3398 898 3451; x_wconf 83' lang='lat' dir='ltr'><strong>cap.</strong></span> <span class='ocrx_word' id='word_1_177' title='bbox 933 3386 1024 3453; x_wconf 83' lang='lat'><strong>67.</strong></span> <span class='ocrx_word' id='word_1_178' title='bbox 1069 3384 1248 3438; x_wconf 71' lang='lat' dir='ltr'><strong>Ham).</strong></span> 
     </span>
    </p>

    <p class='ocr_par' dir='ltr' id='par_1_10' title="bbox 781 3461 1282 3596">
     <span class='ocr_line' id='line_1_34' title="bbox 866 3461 1282 3518; baseline 0.012 -6"><span class='ocrx_word' id='word_1_179' title='bbox 866 3461 917 3513; x_wconf 85' lang='lat'><strong>3.</strong></span> <span class='ocrx_word' id='word_1_180' title='bbox 961 3462 1282 3518; x_wconf 76' lang='lat' dir='ltr'><strong>Dodraneali.</strong></span> 
     </span>
     <span class='ocr_line' id='line_1_35' title="bbox 781 3543 1142 3596; baseline 0.011 -4"><span class='ocrx_word' id='word_1_181' title='bbox 781 3559 930 3593; x_wconf 89' lang='lat' dir='ltr'><strong>num.</strong></span> <span class='ocrx_word' id='word_1_182' title='bbox 959 3543 1142 3596; x_wconf 70' lang='lat' dir='ltr'><strong>Hsnn.</strong></span> 
     </span>
    </p>

    <p class='ocr_par' dir='ltr' id='par_1_11' title="bbox 776 3622 1807 3994">
     <span class='ocr_line' id='line_1_36' title="bbox 866 3622 1805 3683; baseline 0.004 -9"><span class='ocrx_word' id='word_1_183' title='bbox 866 3628 920 3683; x_wconf 73' lang='grc'><strong>4·</strong></span> <span class='ocrx_word' id='word_1_184' title='bbox 954 3623 1212 3675; x_wconf 69' lang='lat' dir='ltr'><strong>Intervallo</strong></span> <span class='ocrx_word' id='word_1_185' title='bbox 1237 3622 1398 3676; x_wconf 76' lang='lat' dir='ltr'><strong>duum.</strong></span> <span class='ocrx_word' id='word_1_186' title='bbox 1425 3625 1493 3676; x_wconf 79' lang='lat' dir='ltr'><strong>At</strong></span> <span class='ocrx_word' id='word_1_187' title='bbox 1519 3624 1805 3678; x_wconf 89' lang='lat' dir='ltr'><strong>Columell.</strong></span> 
     </span>
     <span class='ocr_line' id='line_1_37' title="bbox 779 3702 1807 3774; baseline 0.005 -22"><span class='ocrx_word' id='word_1_188' title='bbox 779 3702 881 3754; x_wconf 83' lang='lat' dir='ltr'><strong>loc.</strong></span> <span class='ocrx_word' id='word_1_189' title='bbox 914 3702 1004 3755; x_wconf 86' lang='lat' dir='ltr'><strong>cit.</strong></span> <span class='ocrx_word' id='word_1_190' title='bbox 1036 3702 1278 3756; x_wconf 78' lang='lat' dir='ltr'><strong>«Bulbus</strong></span> <span class='ocrx_word' id='word_1_191' title='bbox 1305 3702 1627 3774; x_wconf 77' lang='lat' dir='ltr'><strong>tripedaneis</strong></span> <span class='ocrx_word' id='word_1_192' title='bbox 1646 3704 1807 3756; x_wconf 84' lang='lat' dir='ltr'><strong>inter-</strong></span> 
     </span>
     <span class='ocr_line' id='line_1_38' title="bbox 777 3780 1804 3852; baseline 0.006 -22"><span class='ocrx_word' id='word_1_193' title='bbox 777 3780 1084 3834; x_wconf 76' lang='lat' dir='ltr'><strong>vacantibus</strong></span> <span class='ocrx_word' id='word_1_194' title='bbox 1118 3783 1302 3852; x_wconf 79' lang='lat' dir='ltr'><strong>spatiis</strong></span> <span class='ocrx_word' id='word_1_195' title='bbox 1354 3784 1576 3835; x_wconf 84' lang='lat' dir='ltr'><strong>obrutus</strong></span> <span class='ocrx_word' id='word_1_196' title='bbox 1607 3820 1624 3843; x_wconf 82' lang='lat'>,</span> <span class='ocrx_word' id='word_1_197' title='bbox 1664 3802 1804 3836; x_wconf 84' lang='lat' dir='ltr'><strong>anno</strong></span> 
     </span>
     <span class='ocr_line' id='line_1_39' title="bbox 776 3860 1802 3933; baseline 0.004 -22"><span class='ocrx_word' id='word_1_198' title='bbox 776 3860 1000 3913; x_wconf 74' lang='lat' dir='ltr'><strong>celerius</strong></span> <span class='ocrx_word' id='word_1_199' title='bbox 1009 3874 1268 3914; x_wconf 82' lang='lat' dir='ltr'><strong>maturam</strong></span> <span class='ocrx_word' id='word_1_200' title='bbox 1283 3862 1536 3933; x_wconf 76' lang='lat' dir='ltr'><strong>perticam</strong></span> <span class='ocrx_word' id='word_1_201' title='bbox 1555 3864 1802 3932; x_wconf 75' lang='lat' dir='ltr'><strong>praebet.»</strong></span> 
     </span>
     <span class='ocr_line' id='line_1_40' title="bbox 781 3940 1464 3994; baseline 0.007 -2"><span class='ocrx_word' id='word_1_202' title='bbox 781 3940 960 3994; x_wconf 66' lang='lat' dir='ltr'><strong>Hann-</strong></span> <span class='ocrx_word' id='word_1_203' title='bbox 1457 3976 1464 3985; x_wconf 84' lang='lat'><strong>·</strong></span> 
     </span>
    </p>

    <p class='ocr_par' dir='ltr' id='par_1_12' title="bbox 773 4020 1799 4173">
     <span class='ocr_line' id='line_1_41' title="bbox 861 4020 1799 4091; baseline -0.001 -17"><span class='ocrx_word' id='word_1_204' title='bbox 861 4022 912 4074; x_wconf 81' lang='lat'><strong>5.</strong></span> <span class='ocrx_word' id='word_1_205' title='bbox 951 4023 1111 4091; x_wconf 77' lang='lat' dir='ltr'><strong>Quam</strong></span> <span class='ocrx_word' id='word_1_206' title='bbox 1135 4032 1360 4073; x_wconf 78' lang='lat' dir='ltr'><strong>castrare.</strong></span> <span class='ocrx_word' id='word_1_207' title='bbox 1378 4020 1501 4073; x_wconf 86' lang='lat' dir='ltr'><strong>Vet.</strong></span> <span class='ocrx_word' id='word_1_208' title='bbox 1527 4020 1670 4091; x_wconf 74' lang='lat' dir='ltr'><strong>apud</strong></span> <span class='ocrx_word' id='word_1_209' title='bbox 1700 4022 1799 4073; x_wconf 83' lang='lat' dir='ltr'><strong>Da-</strong></span> 
     </span>
     <span class='ocr_line' id='line_1_42' title="bbox 773 4100 1799 4173; baseline 0.001 -22"><span class='ocrx_word' id='word_1_210' title='bbox 773 4100 994 4173; x_wconf 77' lang='lat' dir='ltr'><strong>lecamp.</strong></span> <span class='ocrx_word' id='word_1_211' title='bbox 1017 4120 1158 4173; x_wconf 77' lang='lat' dir='ltr'><strong>quam</strong></span> <span class='ocrx_word' id='word_1_212' title='bbox 1179 4112 1406 4155; x_wconf 73' lang='lat' dir='ltr'><strong>castrato.</strong></span> <span class='ocrx_word' id='word_1_213' title='bbox 1426 4100 1528 4152; x_wconf 84' lang='lat' dir='ltr'><strong>En.</strong></span> <span class='ocrx_word' id='word_1_214' title='bbox 1543 4131 1621 4141; x_wconf 91' lang='lat'>—</span> <span class='ocrx_word' id='word_1_215' title='bbox 1640 4102 1799 4169; x_wconf 77' lang='lat' dir='ltr'><strong>Quam</strong></span> 
     </span>
    </p>
   </div>
   <div class='ocr_carea' id='block_1_9' title="bbox 1326 3465 1806 3519">
    <p class='ocr_par' dir='ltr' id='par_1_13' title="bbox 1326 3465 1806 3519">
     <span class='ocr_line' id='line_1_43' title="bbox 1326 3465 1806 3519; baseline 0.004 -2"><span class='ocrx_word' id='word_1_216' title='bbox 1326 3465 1529 3518; x_wconf 85' lang='lat' dir='ltr'><strong>Pollicu</strong></span> <span class='ocrx_word' id='word_1_217' title='bbox 1537 3486 1588 3518; x_wconf 86' lang='lat' dir='ltr'><strong>m</strong></span> <span class='ocrx_word' id='word_1_218' title='bbox 1642 3484 1806 3519; x_wconf 82' lang='lat' dir='ltr'><strong>nove-</strong></span> 
     </span>
    </p>
   </div>
   <div class='ocr_carea' id='block_1_10' title="bbox 1891 1708 2931 4004">
    <p class='ocr_par' dir='ltr' id='par_1_14' title="bbox 1891 1708 2931 4004">
     <span class='ocr_line' id='line_1_44' title="bbox 1895 1708 2931 1782; baseline -0.001 -19"><span class='ocrx_word' id='word_1_219' title='bbox 1895 1711 2145 1765; x_wconf 84' lang='lat' dir='ltr'><strong>obtinuit.</strong></span> <span class='ocrx_word' id='word_1_220' title='bbox 2180 1711 2231 1763; x_wconf 87' lang='lat' dir='ltr'><strong>Is</strong></span> <span class='ocrx_word' id='word_1_221' title='bbox 2258 1723 2484 1764; x_wconf 77' lang='lat' dir='ltr'><strong>castrare</strong></span> <span class='ocrx_word' id='word_1_222' title='bbox 2515 1708 2647 1782; x_wconf 81' lang='lat' dir='ltr'><strong>quid</strong></span> <span class='ocrx_word' id='word_1_223' title='bbox 2680 1710 2786 1762; x_wconf 87' lang='lat' dir='ltr'><strong>hoc</strong></span> <span class='ocrx_word' id='word_1_224' title='bbox 2810 1711 2931 1763; x_wconf 90' lang='lat' dir='ltr'><strong>loco</strong></span> 
     </span>
     <span class='ocr_line' id='line_1_45' title="bbox 1895 1781 2929 1862; baseline -0.003 -19"><span class='ocrx_word' id='word_1_225' title='bbox 1895 1789 1987 1856; x_wconf 85' lang='lat' dir='ltr'><strong>sit,</strong></span> <span class='ocrx_word' id='word_1_226' title='bbox 2020 1790 2266 1862; x_wconf 84' lang='lat' dir='ltr'><strong>aperit.·</strong></span> <span class='ocrx_word' id='word_1_227' title='bbox 2244 1790 2363 1842; x_wconf 74' lang='lat' dir='ltr'><strong>ussa</strong></span> <span class='ocrx_word' id='word_1_228' title='bbox 2387 1802 2465 1842; x_wconf 84' lang='lat' dir='ltr'><strong>est</strong></span> <span class='ocrx_word' id='word_1_229' title='bbox 2490 1802 2665 1843; x_wconf 82' lang='lat' dir='ltr'><strong>autem</strong></span> <span class='ocrx_word' id='word_1_230' title='bbox 2687 1781 2929 1856; x_wconf 77' lang='lat' dir='ltr'><strong>(arundi-</strong></span> 
     </span>
     <span class='ocr_line' id='line_1_46' title="bbox 1894 1859 2929 1941; baseline 0 -19"><span class='ocrx_word' id='word_1_231' title='bbox 1894 1859 2031 1938; x_wconf 86' lang='lat' dir='ltr'><strong>neti)</strong></span> <span class='ocrx_word' id='word_1_232' title='bbox 2058 1881 2333 1934; x_wconf 81' lang='lat' dir='ltr'><strong>senectus,</strong></span> <span class='ocrx_word' id='word_1_233' title='bbox 2360 1869 2537 1941; x_wconf 83' lang='lat' dir='ltr'><strong>inquit</strong></span> <span class='ocrx_word' id='word_1_234' title='bbox 2560 1869 2690 1922; x_wconf 89' lang='lat' dir='ltr'><strong>loco</strong></span> <span class='ocrx_word' id='word_1_235' title='bbox 2730 1869 2929 1933; x_wconf 76' lang='lat' dir='ltr'><strong>citato,</strong></span> 
     </span>
     <span class='ocr_line' id='line_1_47' title="bbox 1896 1949 2926 2022; baseline -0.002 -20"><span class='ocrx_word' id='word_1_236' title='bbox 1896 1969 2065 2022; x_wconf 86' lang='lat' dir='ltr'><strong>quum</strong></span> <span class='ocrx_word' id='word_1_237' title='bbox 2098 1950 2180 2001; x_wconf 84' lang='lat' dir='ltr'><strong>vel</strong></span> <span class='ocrx_word' id='word_1_238' title='bbox 2210 1949 2421 2002; x_wconf 81' lang='lat' dir='ltr'><strong>exaruit</strong></span> <span class='ocrx_word' id='word_1_239' title='bbox 2459 1949 2595 2006; x_wconf 81' lang='lat' dir='ltr'><strong>situ,</strong></span> <span class='ocrx_word' id='word_1_240' title='bbox 2640 1961 2697 2001; x_wconf 88' lang='lat' dir='ltr'><strong>et</strong></span> <span class='ocrx_word' id='word_1_241' title='bbox 2738 1950 2926 2001; x_wconf 79' lang='lat' dir='ltr'><strong>inertia</strong></span> 
     </span>
     <span class='ocr_line' id='line_1_48' title="bbox 1895 2027 2927 2102; baseline -0.001 -20"><span class='ocrx_word' id='word_1_242' title='bbox 1895 2029 2129 2102; x_wconf 86' lang='lat' dir='ltr'><strong>plurium</strong></span> <span class='ocrx_word' id='word_1_243' title='bbox 2171 2047 2474 2082; x_wconf 83' lang='lat' dir='ltr'><strong>annorum·</strong></span> <span class='ocrx_word' id='word_1_244' title='bbox 2460 2067 2473 2079; x_wconf 92' lang='lat'><strong>.</strong></span> <span class='ocrx_word' id='word_1_245' title='bbox 2496 2029 2581 2080; x_wconf 70' lang='lat' dir='ltr'><strong>vel</strong></span> <span class='ocrx_word' id='word_1_246' title='bbox 2630 2028 2707 2080; x_wconf 85' lang='lat' dir='ltr'><strong>ita</strong></span> <span class='ocrx_word' id='word_1_247' title='bbox 2744 2027 2927 2081; x_wconf 74' lang='lat' dir='ltr'><strong>densa·</strong></span> 
     </span>
     <span class='ocr_line' id='line_1_49' title="bbox 1896 2107 2931 2178; baseline -0.002 -16"><span class='ocrx_word' id='word_1_248' title='bbox 1896 2124 2011 2162; x_wconf 88' lang='lat' dir='ltr'><strong>tum</strong></span> <span class='ocrx_word' id='word_1_249' title='bbox 2032 2120 2110 2162; x_wconf 86' lang='lat' dir='ltr'><strong>est</strong></span> <span class='ocrx_word' id='word_1_250' title='bbox 2125 2119 2213 2174; x_wconf 88' lang='lat' dir='ltr'><strong>‚ut</strong></span> <span class='ocrx_word' id='word_1_251' title='bbox 2245 2108 2453 2178; x_wconf 79' lang='lat' dir='ltr'><strong>gracilis</strong></span> <span class='ocrx_word' id='word_1_252' title='bbox 2470 2119 2525 2161; x_wconf 87' lang='lat' dir='ltr'><strong>et</strong></span> <span class='ocrx_word' id='word_1_253' title='bbox 2538 2127 2727 2160; x_wconf 65' lang='lat' dir='ltr'><strong>cannae</strong></span> <span class='ocrx_word' id='word_1_254' title='bbox 2747 2107 2931 2160; x_wconf 85' lang='lat' dir='ltr'><strong>similis</strong></span> 
     </span>
     <span class='ocr_line' id='line_1_50' title="bbox 1897 2185 2925 2258; baseline 0 -17"><span class='ocrx_word' id='word_1_255' title='bbox 1897 2188 2105 2242; x_wconf 86' lang='lat' dir='ltr'><strong>arundo</strong></span> <span class='ocrx_word' id='word_1_256' title='bbox 2126 2186 2367 2258; x_wconf 86' lang='lat' dir='ltr'><strong>prodeat.</strong></span> <span class='ocrx_word' id='word_1_257' title='bbox 2397 2187 2500 2240; x_wconf 78' lang='lat' dir='ltr'><strong>sed</strong></span> <span class='ocrx_word' id='word_1_258' title='bbox 2528 2185 2661 2240; x_wconf 83' lang='lat' dir='ltr'><strong>illud</strong></span> <span class='ocrx_word' id='word_1_259' title='bbox 2695 2187 2766 2240; x_wconf 89' lang='lat' dir='ltr'><strong>de</strong></span> <span class='ocrx_word' id='word_1_260' title='bbox 2794 2189 2925 2241; x_wconf 85' lang='lat' dir='ltr'><strong>inte·</strong></span> 
     </span>
     <span class='ocr_line' id='line_1_51' title="bbox 1896 2265 2927 2342; baseline 0 -21"><span class='ocrx_word' id='word_1_261' title='bbox 1896 2288 1992 2342; x_wconf 78' lang='lat' dir='ltr'><strong>gro</strong></span> <span class='ocrx_word' id='word_1_262' title='bbox 2018 2267 2192 2322; x_wconf 80' lang='lat' dir='ltr'><strong>refodi</strong></span> <span class='ocrx_word' id='word_1_263' title='bbox 2212 2265 2401 2320; x_wconf 83' lang='lat' dir='ltr'><strong>debet:</strong></span> <span class='ocrx_word' id='word_1_264' title='bbox 2422 2267 2531 2319; x_wconf 80' lang='lat' dir='ltr'><strong>hoc</strong></span> <span class='ocrx_word' id='word_1_265' title='bbox 2554 2279 2733 2338; x_wconf 83' lang='lat' dir='ltr'><strong>potest</strong></span> <span class='ocrx_word' id='word_1_266' title='bbox 2764 2267 2927 2321; x_wconf 82' lang='lat' dir='ltr'><strong>inter-</strong></span> 
     </span>
     <span class='ocr_line' id='line_1_52' title="bbox 1896 2346 2921 2419; baseline -0.003 -17"><span class='ocrx_word' id='word_1_267' title='bbox 1896 2348 2005 2402; x_wconf 86' lang='lat' dir='ltr'><strong>cidi</strong></span> <span class='ocrx_word' id='word_1_268' title='bbox 2032 2362 2087 2401; x_wconf 84' lang='lat' dir='ltr'><strong>et</strong></span> <span class='ocrx_word' id='word_1_269' title='bbox 2110 2347 2389 2410; x_wconf 71' lang='lat' dir='ltr'><strong>disrarari,</strong></span> <span class='ocrx_word' id='word_1_270' title='bbox 2410 2346 2558 2418; x_wconf 84' lang='lat' dir='ltr'><strong>quod</strong></span> <span class='ocrx_word' id='word_1_271' title='bbox 2580 2365 2721 2419; x_wconf 85' lang='lat' dir='ltr'><strong>opus</strong></span> <span class='ocrx_word' id='word_1_272' title='bbox 2744 2348 2921 2400; x_wconf 81' lang='lat' dir='ltr'><strong>rustici</strong></span> 
     </span>
     <span class='ocr_line' id='line_1_53' title="bbox 1894 2427 2923 2491; baseline -0.003 -9"><span class='ocrx_word' id='word_1_273' title='bbox 1894 2427 2267 2484; x_wconf 77' lang='lat' dir='ltr'><strong>castrationem</strong></span> <span class='ocrx_word' id='word_1_274' title='bbox 2286 2439 2477 2479; x_wconf 71' lang='lat' dir='ltr'><strong>vocent</strong></span> <span class='ocrx_word' id='word_1_275' title='bbox 2493 2468 2509 2491; x_wconf 91' lang='lat'><em>,</em></span> <span class='ocrx_word' id='word_1_276' title='bbox 2535 2439 2675 2480; x_wconf 74' lang='lat' dir='ltr'><strong>etc.»</strong></span> <span class='ocrx_word' id='word_1_277' title='bbox 2696 2427 2923 2482; x_wconf 75' lang='lat' dir='ltr'><strong>cam-ari</strong></span> 
     </span>
     <span class='ocr_line' id='line_1_54' title="bbox 1896 2505 2927 2581; baseline -0.004 -19"><span class='ocrx_word' id='word_1_278' title='bbox 1896 2509 2060 2581; x_wconf 79' lang='lat' dir='ltr'><strong>igitur</strong></span> <span class='ocrx_word' id='word_1_279' title='bbox 2092 2505 2471 2560; x_wconf 79' lang='lat' dir='ltr'><strong>arundinetum</strong></span> <span class='ocrx_word' id='word_1_280' title='bbox 2520 2507 2712 2567; x_wconf 77' lang='lat' dir='ltr'><strong>aiunt,</strong></span> <span class='ocrx_word' id='word_1_281' title='bbox 2766 2527 2927 2580; x_wconf 81' lang='lat' dir='ltr'><strong>quum</strong></span> 
     </span>
     <span class='ocr_line' id='line_1_55' title="bbox 1896 2586 2927 2658; baseline -0.002 -17"><span class='ocrx_word' id='word_1_282' title='bbox 1896 2590 1994 2641; x_wconf 88' lang='lat' dir='ltr'><strong>ubi</strong></span> <span class='ocrx_word' id='word_1_283' title='bbox 2040 2586 2256 2641; x_wconf 81' lang='lat' dir='ltr'><strong>densius</strong></span> <span class='ocrx_word' id='word_1_284' title='bbox 2301 2604 2462 2658; x_wconf 85' lang='lat' dir='ltr'><strong>quam</strong></span> <span class='ocrx_word' id='word_1_285' title='bbox 2490 2604 2591 2658; x_wconf 77' lang='lat' dir='ltr'><strong>par</strong></span> <span class='ocrx_word' id='word_1_286' title='bbox 2631 2600 2714 2641; x_wconf 85' lang='lat' dir='ltr'><strong>est</strong></span> <span class='ocrx_word' id='word_1_287' title='bbox 2756 2600 2927 2640; x_wconf 74' lang='lat' dir='ltr'><strong>satum</strong></span> 
     </span>
     <span class='ocr_line' id='line_1_56' title="bbox 1896 2667 2927 2738; baseline -0.003 -17"><span class='ocrx_word' id='word_1_288' title='bbox 1896 2668 2093 2732; x_wconf 74' lang='lat' dir='ltr'><strong>fuerit,</strong></span> <span class='ocrx_word' id='word_1_289' title='bbox 2138 2667 2441 2721; x_wconf 79' lang='lat' dir='ltr'><strong>evelluntur</strong></span> <span class='ocrx_word' id='word_1_290' title='bbox 2468 2686 2497 2719; x_wconf 90' lang='lat' dir='ltr'><strong>e</strong></span> <span class='ocrx_word' id='word_1_291' title='bbox 2530 2667 2664 2721; x_wconf 76' lang='lat' dir='ltr'><strong>silva</strong></span> <span class='ocrx_word' id='word_1_292' title='bbox 2694 2684 2774 2720; x_wconf 63' lang='lat' dir='ltr'><strong>ea</strong></span> <span class='ocrx_word' id='word_1_293' title='bbox 2813 2686 2927 2738; x_wconf 62' lang='lat' dir='ltr'><strong>qna</strong></span> 
     </span>
     <span class='ocr_line' id='line_1_57' title="bbox 1896 2746 2925 2811; baseline -0.001 -11"><span class='ocrx_word' id='word_1_294' title='bbox 1896 2748 2074 2801; x_wconf 83' lang='lat' dir='ltr'><strong>minus</strong></span> <span class='ocrx_word' id='word_1_295' title='bbox 2091 2748 2249 2800; x_wconf 85' lang='lat' dir='ltr'><strong>utiles</strong></span> <span class='ocrx_word' id='word_1_296' title='bbox 2267 2761 2549 2800; x_wconf 79' lang='lat' dir='ltr'><strong>censentur</strong></span> <span class='ocrx_word' id='word_1_297' title='bbox 2560 2786 2575 2811; x_wconf 85' lang='lat'>‚</span> <span class='ocrx_word' id='word_1_298' title='bbox 2591 2758 2647 2799; x_wconf 87' lang='lat' dir='ltr'><strong>et</strong></span> <span class='ocrx_word' id='word_1_299' title='bbox 2670 2747 2749 2800; x_wconf 85' lang='lat' dir='ltr'><strong>sic</strong></span> <span class='ocrx_word' id='word_1_300' title='bbox 2766 2746 2925 2799; x_wconf 80' lang='lat' dir='ltr'><strong>laxio-</strong></span> 
     </span>
     <span class='ocr_line' id='line_1_58' title="bbox 1898 2824 2890 2881; baseline -0.006 1"><span class='ocrx_word' id='word_1_301' title='bbox 1898 2847 1982 2881; x_wconf 85' lang='lat' dir='ltr'><strong>res</strong></span> <span class='ocrx_word' id='word_1_302' title='bbox 2012 2825 2337 2881; x_wconf 81' lang='lat' dir='ltr'><strong>aruudinum</strong></span> <span class='ocrx_word' id='word_1_303' title='bbox 2370 2824 2582 2879; x_wconf 86' lang='lat' dir='ltr'><strong>ordines</strong></span> <span class='ocrx_word' id='word_1_304' title='bbox 2616 2826 2777 2879; x_wconf 71' lang='lat' dir='ltr'><strong>liunt.</strong></span> <span class='ocrx_word' id='word_1_305' title='bbox 2824 2825 2890 2877; x_wconf 79' lang='grc' dir='ltr'><strong>Η.</strong></span> 
     </span>
     <span class='ocr_line' id='line_1_59' title="bbox 1980 2906 2927 2975; baseline -0.008 -12"><span class='ocrx_word' id='word_1_306' title='bbox 1980 2912 2033 2963; x_wconf 92' lang='grc'><strong>6.</strong></span> <span class='ocrx_word' id='word_1_307' title='bbox 2085 2908 2320 2959; x_wconf 78' lang='lat' dir='ltr'><strong>Discursu</strong></span> <span class='ocrx_word' id='word_1_308' title='bbox 2357 2918 2541 2958; x_wconf 76' lang='lat' dir='ltr'><strong>nentur.</strong></span> <span class='ocrx_word' id='word_1_309' title='bbox 2574 2906 2927 2975; x_wconf 81' lang='lat' dir='ltr'><strong>Implicautur</strong></span> 
     </span>
     <span class='ocr_line' id='line_1_60' title="bbox 1897 2985 2923 3057; baseline -0.003 -19"><span class='ocrx_word' id='word_1_310' title='bbox 1897 2988 2160 3049; x_wconf 85' lang='lat' dir='ltr'><strong>invicem,</strong></span> <span class='ocrx_word' id='word_1_311' title='bbox 2190 2985 2319 3039; x_wconf 87' lang='lat' dir='ltr'><strong>dum</strong></span> <span class='ocrx_word' id='word_1_312' title='bbox 2356 3005 2452 3057; x_wconf 88' lang='lat' dir='ltr'><strong>per</strong></span> <span class='ocrx_word' id='word_1_313' title='bbox 2475 2999 2673 3038; x_wconf 82' lang='lat' dir='ltr'><strong>terram</strong></span> <span class='ocrx_word' id='word_1_314' title='bbox 2708 2998 2923 3053; x_wconf 80' lang='lat' dir='ltr'><strong>serpunt</strong></span> 
     </span>
     <span class='ocr_line' id='line_1_61' title="bbox 1896 3062 2926 3137; baseline -0.003 -18"><span class='ocrx_word' id='word_1_315' title='bbox 1896 3065 2325 3137; x_wconf 85' lang='lat' dir='ltr'><strong>discurruntque.</strong></span> <span class='ocrx_word' id='word_1_316' title='bbox 2346 3066 2551 3118; x_wconf 82' lang='lat' dir='ltr'><strong>Tamen</strong></span> <span class='ocrx_word' id='word_1_317' title='bbox 2579 3066 2636 3117; x_wconf 85' lang='lat' dir='ltr'><strong>in</strong></span> <span class='ocrx_word' id='word_1_318' title='bbox 2663 3062 2823 3117; x_wconf 78' lang='lat' dir='ltr'><strong>MSS.</strong></span> <span class='ocrx_word' id='word_1_319' title='bbox 2852 3066 2926 3116; x_wconf 86' lang='lat' dir='ltr'><strong>de-</strong></span> 
     </span>
     <span class='ocr_line' id='line_1_62' title="bbox 1896 3143 2925 3218; baseline 0 -21"><span class='ocrx_word' id='word_1_320' title='bbox 1896 3166 2037 3199; x_wconf 75' lang='lat' dir='ltr'><strong>cursu</strong></span> <span class='ocrx_word' id='word_1_321' title='bbox 2065 3156 2325 3209; x_wconf 76' lang='lat' dir='ltr'><strong>necantur,</strong></span> <span class='ocrx_word' id='word_1_322' title='bbox 2352 3158 2412 3198; x_wconf 90' lang='lat' dir='ltr'><strong>ut</strong></span> <span class='ocrx_word' id='word_1_323' title='bbox 2430 3143 2719 3218; x_wconf 84' lang='lat' dir='ltr'><strong>legendum</strong></span> <span class='ocrx_word' id='word_1_324' title='bbox 2754 3144 2925 3197; x_wconf 79' lang='lat' dir='ltr'><strong>videa-</strong></span> 
     </span>
     <span class='ocr_line' id='line_1_63' title="bbox 1896 3224 2927 3297; baseline -0.003 -19"><span class='ocrx_word' id='word_1_325' title='bbox 1896 3238 2005 3290; x_wconf 88' lang='lat' dir='ltr'><strong>tur,</strong></span> <span class='ocrx_word' id='word_1_326' title='bbox 2029 3226 2227 3277; x_wconf 75' lang='lat' dir='ltr'><strong>decussu</strong></span> <span class='ocrx_word' id='word_1_327' title='bbox 2243 3237 2474 3277; x_wconf 73' lang='lat' dir='ltr'><strong>necantur</strong></span> <span class='ocrx_word' id='word_1_328' title='bbox 2493 3243 2513 3277; x_wconf 91' lang='lat'><strong>.·</strong></span> <span class='ocrx_word' id='word_1_329' title='bbox 2526 3224 2699 3297; x_wconf 84' lang='lat' dir='ltr'><strong>sitque</strong></span> <span class='ocrx_word' id='word_1_330' title='bbox 2724 3234 2927 3276; x_wconf 79' lang='lat' dir='ltr'><strong>senten-</strong></span> 
     </span>
     <span class='ocr_line' id='line_1_64' title="bbox 1895 3303 2924 3374; baseline -0.003 -16"><span class='ocrx_word' id='word_1_331' title='bbox 1895 3305 1965 3358; x_wconf 75' lang='lat' dir='ltr'><strong>tia</strong></span> <span class='ocrx_word' id='word_1_332' title='bbox 1980 3343 1997 3369; x_wconf 79' lang='grc'><em>,</em></span> <span class='ocrx_word' id='word_1_333' title='bbox 2009 3305 2169 3359; x_wconf 84' lang='lat' dir='ltr'><strong>unius</strong></span> <span class='ocrx_word' id='word_1_334' title='bbox 2187 3304 2462 3358; x_wconf 75' lang='lat' dir='ltr'><strong>arundinis</strong></span> <span class='ocrx_word' id='word_1_335' title='bbox 2480 3303 2776 3367; x_wconf 77' lang='lat' dir='ltr'><strong>avulsione,</strong></span> <span class='ocrx_word' id='word_1_336' title='bbox 2788 3304 2924 3374; x_wconf 86' lang='lat' dir='ltr'><strong>quod</strong></span> 
     </span>
     <span class='ocr_line' id='line_1_65' title="bbox 1894 3382 2924 3455; baseline -0.001 -18"><span class='ocrx_word' id='word_1_337' title='bbox 1894 3386 1951 3437; x_wconf 80' lang='lat' dir='ltr'><strong>in</strong></span> <span class='ocrx_word' id='word_1_338' title='bbox 1977 3386 2291 3438; x_wconf 70' lang='lat' dir='ltr'><strong>castratione</strong></span> <span class='ocrx_word' id='word_1_339' title='bbox 2313 3385 2393 3448; x_wconf 76' lang='lat' dir='ltr'><strong>fit,</strong></span> <span class='ocrx_word' id='word_1_340' title='bbox 2414 3397 2468 3437; x_wconf 87' lang='lat' dir='ltr'><strong>et</strong></span> <span class='ocrx_word' id='word_1_341' title='bbox 2492 3382 2767 3454; x_wconf 79' lang='lat' dir='ltr'><strong>proximas</strong></span> <span class='ocrx_word' id='word_1_342' title='bbox 2797 3402 2924 3455; x_wconf 86' lang='lat' dir='ltr'><strong>quo-</strong></span> 
     </span>
     <span class='ocr_line' id='line_1_66' title="bbox 1894 3463 2923 3537; baseline -0.002 -20"><span class='ocrx_word' id='word_1_343' title='bbox 1894 3484 2001 3537; x_wconf 88' lang='lat' dir='ltr'><strong>que</strong></span> <span class='ocrx_word' id='word_1_344' title='bbox 2033 3463 2215 3517; x_wconf 87' lang='lat' dir='ltr'><strong>decuti</strong></span> <span class='ocrx_word' id='word_1_345' title='bbox 2239 3478 2291 3517; x_wconf 87' lang='lat' dir='ltr'><strong>et</strong></span> <span class='ocrx_word' id='word_1_346' title='bbox 2318 3464 2566 3526; x_wconf 85' lang='lat' dir='ltr'><strong>interire,</strong></span> <span class='ocrx_word' id='word_1_347' title='bbox 2584 3466 2658 3515; x_wconf 90' lang='lat' dir='ltr'><strong>ob</strong></span> <span class='ocrx_word' id='word_1_348' title='bbox 2683 3477 2923 3516; x_wconf 79' lang='lat' dir='ltr'><strong>mutuam</strong></span> 
     </span>
     <span class='ocr_line' id='line_1_67' title="bbox 1892 3543 2923 3615; baseline -0.003 -18"><span class='ocrx_word' id='word_1_349' title='bbox 1892 3543 2134 3597; x_wconf 85' lang='lat' dir='ltr'><strong>radicum</strong></span> <span class='ocrx_word' id='word_1_350' title='bbox 2160 3544 2597 3615; x_wconf 79' lang='lat' dir='ltr'><strong>implicationem.</strong></span> <span class='ocrx_word' id='word_1_351' title='bbox 2634 3544 2822 3595; x_wconf 70' lang='grc' dir='ltr'>Ηιιιο.</span> <span class='ocrx_word' id='word_1_352' title='bbox 2850 3576 2923 3586; x_wconf 93' lang='lat'>-</span> 
     </span>
     <span class='ocr_line' id='line_1_68' title="bbox 1894 3620 2925 3693; baseline -0.003 -16"><span class='ocrx_word' id='word_1_353' title='bbox 1894 3625 2100 3677; x_wconf 65' lang='lat' dir='ltr'><strong>Notatur.</strong></span> <span class='ocrx_word' id='word_1_354' title='bbox 2124 3624 2397 3677; x_wconf 85' lang='lat' dir='ltr'><strong>Broterius</strong></span> <span class='ocrx_word' id='word_1_355' title='bbox 2430 3640 2494 3675; x_wconf 85' lang='lat' dir='ltr'><strong>ex</strong></span> <span class='ocrx_word' id='word_1_356' title='bbox 2524 3620 2682 3675; x_wconf 79' lang='lat' dir='ltr'><strong>MSS.</strong></span> <span class='ocrx_word' id='word_1_357' title='bbox 2710 3624 2843 3693; x_wconf 79' lang='lat' dir='ltr'><strong>Reg.</strong></span> <span class='ocrx_word' id='word_1_358' title='bbox 2878 3638 2925 3674; x_wconf 82' lang='lat' dir='ltr'><strong>et</strong></span> 
     </span>
     <span class='ocr_line' id='line_1_69' title="bbox 1895 3702 2863 3775; baseline -0.004 -19"><span class='ocrx_word' id='word_1_359' title='bbox 1895 3702 2135 3757; x_wconf 84' lang='lat' dir='ltr'><strong>editione</strong></span> <span class='ocrx_word' id='word_1_360' title='bbox 2160 3704 2406 3775; x_wconf 85' lang='lat' dir='ltr'><strong>principe</strong></span> <span class='ocrx_word' id='word_1_361' title='bbox 2422 3743 2438 3767; x_wconf 82' lang='lat'><em>,</em></span> <span class='ocrx_word' id='word_1_362' title='bbox 2468 3714 2715 3755; x_wconf 77' lang='lat' dir='ltr'><strong>necantur.</strong></span> <span class='ocrx_word' id='word_1_363' title='bbox 2756 3703 2863 3755; x_wconf 80' lang='lat' dir='ltr'><strong>En.</strong></span> 
     </span>
     <span class='ocr_line' id='line_1_70' title="bbox 1976 3774 2920 3854; baseline -0.003 -19"><span class='ocrx_word' id='word_1_364' title='bbox 1976 3803 2031 3853; x_wconf 91' lang='lat'><strong>7.</strong></span> <span class='ocrx_word' id='word_1_365' title='bbox 2072 3786 2277 3854; x_wconf 79' lang='lat' dir='ltr'><strong>Tempus</strong></span> <span class='ocrx_word' id='word_1_366' title='bbox 2313 3774 2604 3835; x_wconf 57' lang='lat' dir='ltr'><strong>conserendi.</strong></span> <span class='ocrx_word' id='word_1_367' title='bbox 2654 3782 2743 3835; x_wconf 85' lang='lat' dir='ltr'><strong>Sic</strong></span> <span class='ocrx_word' id='word_1_368' title='bbox 2774 3782 2920 3834; x_wconf 80' lang='lat' dir='ltr'><strong>MSS.</strong></span> 
     </span>
     <span class='ocr_line' id='line_1_71' title="bbox 1892 3861 2921 3933; baseline -0.005 -18"><span class='ocrx_word' id='word_1_369' title='bbox 1892 3865 2021 3933; x_wconf 74' lang='lat' dir='ltr'><strong>Reg.</strong></span> <span class='ocrx_word' id='word_1_370' title='bbox 2049 3863 2287 3916; x_wconf 86' lang='lat' dir='ltr'><strong>Colbert.</strong></span> <span class='ocrx_word' id='word_1_371' title='bbox 2314 3876 2413 3915; x_wconf 88' lang='lat' dir='ltr'><strong>etc.</strong></span> <span class='ocrx_word' id='word_1_372' title='bbox 2446 3882 2556 3915; x_wconf 88' lang='lat' dir='ltr'><strong>non</strong></span> <span class='ocrx_word' id='word_1_373' title='bbox 2572 3862 2654 3913; x_wconf 88' lang='lat' dir='ltr'><strong>nti</strong></span> <span class='ocrx_word' id='word_1_374' title='bbox 2674 3861 2921 3914; x_wconf 79' lang='lat' dir='ltr'><strong>hactenus</strong></span> 
     </span>
     <span class='ocr_line' id='line_1_72' title="bbox 1891 3940 2920 4004; baseline -0.003 -9"><span class='ocrx_word' id='word_1_375' title='bbox 1891 3956 1970 3995; x_wconf 85' lang='lat' dir='ltr'><strong>est</strong></span> <span class='ocrx_word' id='word_1_376' title='bbox 1998 3940 2235 4004; x_wconf 87' lang='lat' dir='ltr'><strong>editum,</strong></span> <span class='ocrx_word' id='word_1_377' title='bbox 2265 3942 2515 3994; x_wconf 74' lang='lat' dir='ltr'><strong>inserendi.</strong></span> <span class='ocrx_word' id='word_1_378' title='bbox 2558 3941 2625 3993; x_wconf 82' lang='lat' dir='ltr'><strong>Et</strong></span> <span class='ocrx_word' id='word_1_379' title='bbox 2666 3960 2791 3993; x_wconf 72' lang='lat' dir='ltr'><strong>sune</strong></span> <span class='ocrx_word' id='word_1_380' title='bbox 2820 3942 2920 3993; x_wconf 92' lang='lat' dir='ltr'><strong>Co·</strong></span> 
     </span>
    </p>
   </div>
   <div class='ocr_carea' id='block_1_11' title="bbox 1847 4020 2917 4092">
    <p class='ocr_par' dir='ltr' id='par_1_15' title="bbox 1847 4020 2917 4092">
     <span class='ocr_line' id='line_1_73' title="bbox 1847 4020 2917 4092; baseline -0.004 -18"><span class='ocrx_word' id='word_1_381' title='bbox 1847 4052 1851 4057; x_wconf 94' lang='lat'>·</span> <span class='ocrx_word' id='word_1_382' title='bbox 1888 4023 2090 4075; x_wconf 86' lang='lat' dir='ltr'><strong>lumell.</strong></span> <span class='ocrx_word' id='word_1_383' title='bbox 2114 4024 2217 4086; x_wconf 85' lang='lat' dir='ltr'><strong>IV,</strong></span> <span class='ocrx_word' id='word_1_384' title='bbox 2250 4042 2351 4075; x_wconf 71' lang='grc' dir='ltr'><strong>υτ</strong></span> <span class='ocrx_word' id='word_1_385' title='bbox 2386 4048 2407 4070; x_wconf 80' lang='grc' dir='ltr'>ι</span> <span class='ocrx_word' id='word_1_386' title='bbox 2430 4023 2668 4090; x_wconf 84' lang='lat' dir='ltr'><strong>Tempus</strong></span> <span class='ocrx_word' id='word_1_387' title='bbox 2700 4020 2917 4092; x_wconf 80' lang='lat' dir='ltr'><strong>repasti-</strong></span> 
     </span>
    </p>
   </div>
   <div class='ocr_carea' id='block_1_12' title="bbox 1888 4100 2913 4171">
    <p class='ocr_par' dir='ltr' id='par_1_16' title="bbox 1888 4100 2913 4171">
     <span class='ocr_line' id='line_1_74' title="bbox 1888 4100 2913 4171; baseline -0.003 -18"><span class='ocrx_word' id='word_1_388' title='bbox 1888 4101 2055 4154; x_wconf 77' lang='lat' dir='ltr'><strong>nandi</strong></span> <span class='ocrx_word' id='word_1_389' title='bbox 2080 4116 2129 4155; x_wconf 84' lang='lat' dir='ltr'><strong>et</strong></span> <span class='ocrx_word' id='word_1_390' title='bbox 2160 4100 2473 4155; x_wconf 86' lang='lat' dir='ltr'><strong>conserendi</strong></span> <span class='ocrx_word' id='word_1_391' title='bbox 2508 4114 2583 4153; x_wconf 85' lang='lat' dir='ltr'><strong>est</strong></span> <span class='ocrx_word' id='word_1_392' title='bbox 2612 4100 2913 4171; x_wconf 72' lang='lat' dir='ltr'><strong>prinsquam</strong></span> 
     </span>
    </p>
   </div>
   <div class='ocr_carea' id='block_1_13' title="bbox 773 4180 2906 4251">
    <p class='ocr_par' dir='ltr' id='par_1_17' title="bbox 773 4180 2906 4251">
     <span class='ocr_line' id='line_1_75' title="bbox 773 4180 2906 4251; baseline 0.001 -22"><span class='ocrx_word' id='word_1_393' title='bbox 773 4192 998 4233; x_wconf 78' lang='lat' dir='ltr'><strong>castrare.</strong></span> <span class='ocrx_word' id='word_1_394' title='bbox 1032 4182 1140 4247; x_wconf 90' lang='lat' dir='ltr'><strong>Qui</strong></span> <span class='ocrx_word' id='word_1_395' title='bbox 1184 4200 1299 4235; x_wconf 83' lang='lat' dir='ltr'><strong>mos</strong></span> <span class='ocrx_word' id='word_1_396' title='bbox 1343 4181 1653 4234; x_wconf 68' lang='lat' dir='ltr'><strong>Columella</strong></span> <span class='ocrx_word' id='word_1_397' title='bbox 1685 4190 1811 4234; x_wconf 74' lang='lat' dir='ltr'><strong>aevo‘</strong></span> <span class='ocrx_word' id='word_1_398' title='bbox 1886 4183 2029 4235; x_wconf 81' lang='lat' dir='ltr'><strong>oculi</strong></span> <span class='ocrx_word' id='word_1_399' title='bbox 2104 4180 2426 4235; x_wconf 77' lang='lat' dir='ltr'><strong>arundinum</strong></span> <span class='ocrx_word' id='word_1_400' title='bbox 2490 4180 2835 4251; x_wconf 79' lang='lat' dir='ltr'><strong>egerminent.</strong></span> <span class='ocrx_word' id='word_1_401' title='bbox 2888 4205 2906 4222; x_wconf 85' lang='lat'><strong>·</strong></span> 
     </span>
    </p>
   </div>
   <div class='ocr_carea' id='block_1_14' title="bbox 3097 1481 3114 4815">
    <p class='ocr_par' dir='ltr' id='par_1_18' title="bbox 3097 1481 3114 4815">
     <span class='ocr_line' id='line_1_76' title="bbox 3097 1481 3114 4815; baseline 0 0"><span class='ocrx_word' id='word_1_402' title='bbox 3097 1481 3114 4815; x_wconf 95' lang='lat' dir='ltr'><strong> </strong></span> 
     </span>
    </p>
   </div>
  </div>
 </body>
</html>
