3150 5150
985 517 1310 624 LlnER'
1343 555 1599 622 xvn.

2254 551 2350 646 73

225 686 436 768 nasci,
485 687 610 754 nisi
641 699 880 780 sponte
915 683 1098 756 nullo
1145 683 1343 754 modo
1385 698 1640 778 queunt
1674 709 1691 750 ε
1734 671 1940 777 eaque
1990 683 2351 752 immitibus

225 804 478 858 tantum
495 805 562 859 et
575 790 850 862 desertis
869 791 1030 860 locis
1047 792 1468 884 proveniunt.
1489 788 1969 883 Capacissima⁹
1999 791 2347 858 insitorum
2388 806 2417 862 4

223 900 515 966 omnium
543 897 818 966 ducitur
841 895 1234 992 platanus¹⁰‚
1257 911 1488 992 postea
1521 895 1757 964 robur:
1800 919 2032 964 verum
2070 909 2350 989 utraque

225 1025 488 1095 sapores
516 1005 906 1098 corrumpit.
933 1000 1258 1092 Quaedam
1283 1004 1467 1071 omni
1493 999 1795 1096 genere¹¹
1826 1001 2240 1086 inseruntur,
2277 1015 2351 1071 ut

225 1107 378 1176 ficus
415 1123 490 1177 et
525 1111 806 1203 punioae.
849 1111 1018 1179 Vitis
1054 1133 1192 1178 non
1231 1110 1464 1203 recipit
1497 1106 1897 1202 emplastra:
1946 1131 2069 1176 nec
2111 1109 2351 1202 quibus

225 1215 466 1297 tenuis,
513 1239 594 1284 ac
635 1213 962 1300 caducm,
1009 1216 1420 1308 rimosusque
1467 1228 1739 1282 cortex:
1786 1238 2021 1314 neque·
2058 1214 2350 1283 inocula-

225 1323 463 1390 tionem
517 1322 736 1407 sicae,
777 1337 896 1391 aut
945 1319 1242 1392 humoris
1292 1322 1526 1416 exigui.
1575 1319 1995 1389 Fertilissima
2050 1322 2349 1390 omnium

227 1426 608 1514 inoculatio,
629 1443 862 1522 postea
881 1427 1330 1522 emplastratio
1345 1425 1414 1494 ¹².
1437 1426 1569 1495 Sed
1586 1439 1869 1520 utraque
1890 1426 2349 1496 infirmissima.

227 1534 306 1599 Et
331 1557 486 1626 quae
509 1535 760 1602 cortice
783 1535 1084 1602 nituntur
1112 1547 1394 1616 tantum,
1411 1531 1517 1602 vel
1547 1532 1675 1601 levi
1703 1555 1865 1602 aura
1896 1536 2221 1627 ocyssime
2246 1533 2357 1602 de»

227 1637 621 1731 plantantur.
657 1641 958 1709 Inserere
1013 1639 1460 1708 firmissimum
1479 1625 1551 1725 ⁸³,
1592 1653 1661 1707 et
1706 1638 2085 1726 fecundius,
2152 1663 2349 1733 quam

227 1767 452 1814 serere.
487 1735 722 1836 (xvn.)
782 1748 938 1816 Non
973 1761 1074 1816 est
1111 1745 1474 1814 omittenda
1525 1747 1759 1814 raritas
1798 1748 1993 1815 unius
2044 1745 2345 1840 exempli.
2388 1769 2416 1818 5

229 1847 546 1920 Corellius
568 1840 615 1883 '⁴
649 1877 851 1945 eques
897 1877 1066 1921 rom.
1105 1859 1330 1921 Ateste
1365 1854 1661 1946 genitus,
1704 1853 1942 1921 insevit
1974 1867 2348 1922 castaneam

231 1944 756 2052 suometipsatn¹⁵
787 1957 1053 2027 surculo
1089 1960 1156 2026 in
1187 1957 1627 2054 Neapolitano
1666 1981 1849 2052 agro.
1887 1961 1997 2028 Sic
2031 1958 2205 2028 fa'cta
2252 1973 2351 2028 est

229 2077 518 2134 castanea
537 2117 560 2148 ,
589 2089 736 2158 quae
767 2063 852 2132 ab
880 2089 960 2134 eo
987 2063 1234 2136 nomen
1274 2065 1532 2159 accepit
1564 2066 1735 2134 inter
1770 2063 2083 2137 laudatas.
2119 2067 2351 2134 Postea

233 2171 522 2240 Etereius
551 2153 598 2194 ¹⁶

304 2365 355 2413 9.
387 2345 736 2416 Capacisse‘ma.
771 2345 908 2410 Qua.-
937 2347 1117 2416 plures
1153 2345 1240 2398 di-

234 2443 494 2478 versorum
511 2441 769 2495 generum
787 2426 1026 2480 surculos
1046 2424 1240 2480 admit·

237 2519 335 2558 tere
357 2505 412 2558 in
435 2523 494 2558 se
517 2523 580 2558 ac
601 2506 838 2577 recipere
853 2505 1118 2577 possitJI.

311 2604 391 2640 ιο.
413 2587 626 2638 Ducitur
634 2587 884 2655 platanus.
899 2586 987 2640 Sic
999 2604 1064 2639 ex
1083 2586 1237 2640 MSS.

233 2684 328 2719 em.
353 2664 522 2718 Hasd.
549 2678 785 2719 omnent.
813 2665 916 2720 eh.
945 2667 1127 2718 duum·
1144 2704 1156 2718 .
1183 2704 1196 2718 .
1225 2706 1238 2719 .

233 2758 528 2816 comt-ptum
545 2743 644 2797 Gr.
665 2758 720 2797 et
737 2746 824 2803 Al.
843 2744 947 2802 Eo.
1261 2734 1270 2745 ’

311 2842 395 2877 ιι.
427 2825 668 2895 Quadam
699 2830 834 2877 om·
851 2844 1040 2894 guum.
1073 2824 1238 2877 Omni

235 2905 534 2957 insitionum
557 2922 782 2975 genere,
817 2922 950 2976 quas
991 2904 1242 2959 hactenus

237 2984 508 3055 attigimus.
531 2985 600 3037 fl.

315 3082 332 3115 1
347 3065 774 3134 nammatio.
789 3064 1050 3117 Columel.
1069 3082 1114 3117 c.
1149 3082 1170 3115 1
1191 3080 1210 3115 ι
1223 3104 1237 3125 ,

239 3144 628 3197 inoculationem
665 3144 736 3195 ab
779 3144 1026 3215 agricolis
1059 3144 1238 3197 vocari

233 3222 706 3293 emp-strationem
728 3223 924 3276 tradit:
945 3222 1148 3277 Plinius
1161 3235 1238 3275 ta·

239 3320 346 3353 men
387 3300 594 3357 videtur
629 3303 768 3356 hanc
811 3304 880 3356 ab
919 3303 1008 3355 illa
1050 3300 1238 3359 distin·

234 3398 402 3447 gnere.
428 3382 564 3434 Dm..
855 3438 862 3445 ,

311 3460 396 3514 13.
423 3462 632 3513 Imenm
648 3461 996 3531 firmissimum.
1021 3462 1237 3515 Colum.

237 3538 296 3589 de
327 3538 462 3592 Asb.
495 3560 616 3611 cap.
665 3560 770 3594 ποτ
819 3566 844 3588 ιι
873 3540 1048 3593 Arbos
1087 3539 1244 3593 insita

239 3618 544 3673 fructuosior
587 3632 698 3681 est,
729 3638 891 3692 quam
927 3638 1050 3691 quae
1089 3620 1242 3672 insita

237 3715 334 3748 non
369 3710 448 3751 est
476 3718 490 3751 ε
533 3698 592 3751 id
621 3711 730 3764 est,
753 3718 916 3771 quam
935 3716 1078 3771 ηοω
1115 3716 1240 3751 eum

239 3776 384 3829 ramis
399 3790 490 3831 aut
501 3779 702 3849 plantis
727 3780 964 3849 ponitur.
997 3804 1022 3825 ι
1051 3780 1234 3831 Haut).

313 3863 395 3917 ¹4·
431 3858 680 3911 Coretum
699 3861 762 3912 In
783 3860 1030 3929 Inscript.
1045 3858 1238 3911 Grute-

239 3935 306 3996 ri,
327 3936 573 4003 Cornum,
613 3956 726 3991 nou
765 3938 949 3991 semel.
993 3936 1242 3993 Diversus

239 4028 370 4067 certe
399 4034 430 4067 a
467 4017 702 4071 Cornelio
739 4019 914 4082 Rufo,
948 4020 1100 4089 cuius
1127 4018 1241 4069 obi-

237 4104 340 4145 tum
359 4096 554 4150 Plinius
575 4098 706 4151 alter
717 4096 990 4169 defleuep.
1009 4098 1044 4150 l.
1059 4114 1158 4149 xxi.
1175 4094 1238 4147 ss.

321 4178 404 4225 15.
437 4175 792 4246 Suomen'psam.
827 4178 1241 4231 Castam-amin·-

669 2169 944 2241 libertus
1013 2170 1457 2241 Corellianam
1536 2173 1778 2238 iterum
1848 2173 2103 2242 insevit.
2193 2174 2351 2240 Hoec

1327 2346 1460 2398 sevit
1497 2358 1745 2416 exempto
1784 2347 1999 2398 surculo
2042 2365 2104 2400 ex
2142 2363 2201 2399 es
2238 2348 2349 2418 ipsu

1327 2427 1522 2480 arbore
1542 2443 1665 2496 quae
1692 2426 2037 2480 inserebatur.
2067 2425 2250 2480 Hsnn.

1417 2509 1506 2558 16.
1538 2505 1718 2557 Postea
1735 2505 1972 2559 Etenim.
1990 2507 2057 2558 In
2083 2503 2231 2560 libris
2257 2507 2349 2559 ha-

1327 2596 1512 2639 ctenus
1524 2584 1684 2639 editis
1701 2626 1716 2651 ,
1736 2610 1760 2633 ι
1780 2598 1961 2658 postea
1974 2587 2284 2657 haeresejns.
2302 2627 2313 2638 .
2334 2625 2349 2638 .

1327 2664 1443 2718 haec
1469 2665 1771 2719 Corelliana
1800 2667 2007 2719 melior.
2044 2692 2066 2713 ι
2110 2668 2175 2719 In
2198 2666 2349 2720 MSS.

1327 2746 1461 2815 Reg.
1501 2744 1661 2799 colb.
1684 2745 1896 2798 Thuan.
1927 2746 2045 2798 Par.
2072 2758 2174 2799 etc.
2203 2768 2225 2789 κ
2254 2745 2352 2799 Ρο-

1327 2836 1434 2879 stoa
1461 2824 1725 2877 hereteius
1742 2864 1754 2877 .
1771 2866 1782 2878 .
1800 2865 1813 2878 .
1834 2825 1947 2878 haee
1964 2826 2225 2878 terreiana
2248 2844 2352 2879 me-

1328 2904 1450 2957 lior.
1476 2930 1498 2951 ι
1525 2904 1659 2969 Quae
1684 2907 1782 2959 etsi
1803 2916 1927 2959 sunt
1952 2905 2349 2959 amanuensium

1329 2983 1462 3037 vitio
1483 2984 1785 3055 inquinata,
1806 2985 2023 3055 vestigia
2042 2996 2217 3037 tamen
2252 3005 2351 3038 no·

1327 3063 1410 3115 bis
1438 3077 1799 3117 monstravere
1832 3064 2075 3117 lectionis
2104 3065 2349 3117 sincerio-

1325 3142 1400 3195 ris
1418 3142 1669 3195 eruendss
1698 3162 1712 3196 ε
1754 3162 1929 3215 neque
1957 3144 2115 3214 hujus
2144 3156 2347 3198 tantum

1327 3222 1460 3284 loci,
1503 3222 1596 3275 sed
1650 3236 1704 3277 et
1750 3224 1962 3275 alterius
1994 3262 2009 3287 ‚
2064 3222 2349 3293 castigandi

1327 3301 1468 3353 viam
1504 3320 1762 3371 aperuere
1788 3341 1803 3366 ‚
1865 3302 1960 3355 lib.
2002 3303 2124 3367 XV,
2156 3320 2351 3374 nempe

1327 3397 1448 3451 cap.
1500 3381 1601 3445 25,
1650 3382 1706 3434 in
1738 3400 1847 3453 quo
1884 3400 2049 3453 quum
2095 3380 2161 3435 ad
2206 3383 2351 3437 huuc

1327 3458 1471 3511 diem
1511 3461 1777 3532 legeretur
1803 3481 1820 3515 ι
1854 3488 1876 3509 ι
1906 3460 2199 3515 Laudatior
2244 3463 2349 3515 Co·

1328 3538 1550 3593 miliana
1573 3552 1838 3603 castanea,
1876 3554 1929 3594 et
1968 3560 2033 3593 ex
2071 3559 2132 3594 ea
2178 3541 2315 3595 facta
2335 3582 2352 3607 ‚

1329 3636 1440 3689 quo
1465 3618 1706 3674 dicemus
1732 3620 1788 3673 in
1814 3621 1985 3674 insitis
2016 3620 2181 3673 modo
2196 3660 2213 3686 ‚
2238 3622 2352 3675 Me-

1329 3711 1508 3751 terana
1534 3726 1552 3763 ‚-
1596 3724 1621 3749 n
1696 3698 1993 3754 indubitata
2050 3703 2353 3771 conjectura

1329 3778 1599 3831 &tereiana
1634 3781 2001 3850 reposuimus:
2032 3779 2176 3832 hunc
2207 3780 2349 3833 enim

1327 3874 1355 3909 a
1388 3858 1565 3912 Plinio
1592 3860 1785 3930 signari
1817 3861 1997 3927 locum
2018 3899 2034 3924 ‚
2058 3878 2216 3930 quern
2252 3870 2353 3912 tra·

1327 3950 1565 4003 etunius,
1610 3940 1833 3992 minime
1874 3938 2101 3992 dubium
2143 3950 2235 3992 est.
2274 3938 2350 3990 Ex

1331 4018 1773 4087 inscriptionibus
1818 4019 2080 4082 Gruter-i,
2122 4036 2174 4086 p.
2218 4020 2349 4085 678.

1337 4098 1557 4151 liceo-eius
1586 4112 1639 4150 et
1678 4098 1874 4149 Ere-reia
1915 4098 2123 4150 familia
2164 4098 2355 4148 Roma-

1333 4194 1412 4228 mn
1439 4198 1633 4229 nomen
1664 4179 1825 4231 fuisse
1852 4176 2211 4247 intelligimus.
2246 4176 2313 4227 Β.
