3150 5150
1035 531 1336 600 LIBER
1379 533 1686 601 XVIII.

295 687 436 756 que
465 649 710 732 ‘Cereri
751 662 970 732 necari
1009 661 1333 756 jubebant
1352 717 1371 750 ,

806 769 1143 864 impubem
1211 773 1520 840 Praetoris
1580 770 1901 839 arbitratu
1934 754 1981 792 ¹⁵

297 773 688 839 convictum
735 795 750 836 τ

2306 533 2437 628 169

1417 666 1682 759 gravius
1721 687 1919 757 quam
1966 665 2034 729 in
2076 662 2441 735 homicidio

2057 771 2433 854 verberari,

297 877 704 969 noxiamque
741 874 1056 969 duplione
1108 876 1394 945 decerni.
1448 880 1609 945 Jam·
1641 876 1973 945 distinctio
1994 860 2040 898 ¹⁶
2092 876 2435 971 honosque
2473 893 2503 944 5

293 982 588 1050 civitatis
629 983 831 1075 ipsius
869 1007 1006 1050 non
1041 980 1310 1051 aliunde
1336 997 1496 1052 erat.
1547 983 1835 1052 Rusticae
1862 981 1908 1020 ¹⁷
1959 981 2170 1052 tribus
2209 981 2433 1054 lauda-

293 1089 568 1156 tissimae
595 1111 826 1156 eorum
849 1141 868 1176 ,
902 1089 1016 1182 qui
1051 1112 1206 1156 rura
1231 1089 1574 1158 haberent.
1612 1089 1907 1157 Urbanae
1933 1111 2125 1172 vere,
2168 1091 2237 1157 in
2272 1114 2435 1183 quas

293 1193 647 1262 transferri
685 1195 1044 1289 ignominia
1090 1209 1294 1282 esset,
1339 1193 1603 1265 desidiae
1644 1195 1917 1290 probro.
1972 1195 2205 1288 Itaque
2260 1221 2432 1288 qua-

295 1314 460 1368 tuor
479 1285 526 1324 ⁸⁸
563 1299 718 1368 solae
760 1315 951 1369 erant
983 1326 1022 1370 a
1064 1301 1366 1395 partibus
1409 1301 1592 1370 urbis
1613 1353 1629 1380 ,
1666 1303 1735 1369 in
1774 1302 1959 1394 queis
2002 1300 2393 1371 habitabant
2414 1357 2432 1384 ,

294 1405 780 1494 Suburrana¹⁹‚
801 1405 1096 1482 Palatina
1116 1461 1137 1496 ,
1159 1407 1456 1492 Collina,
1479 1405 1850 1501 Exquilina.
1891 1405 2291 1476 Nundinis²⁰
2324 1433 2430 1477 ur-

287 1631 394 1686 dua
419 1632 802 1706 interpretatur
825 1634 966 1701 :Qui
987 1635 1191 1706 frugem
1210 1655 1319 1690 era·

287 1725 380 1766 tro
419 1725 624 1784 partam
671 1713 860 1768 furtim
901 1728 1066 1768 noctu
1108 1715 1318 1786 paverit

283 1793 662 1864 immaturam,
681 1794 767 1847 vel
789 1805 1048 1850 maturam
1073 1795 1318 1860 secum-it,

283 1872 483 1925 Cereri
507 1891 652 1926 secer
677 1885 732 1926 et
771 1871 994 1927 devotus
1019 1872 1314 1946 suspendio

283 1965 529 2005 necator.
569 1952 822 2023 Impubes
866 1967 1042 2006 tamen
1069 1955 1112 2006 si
1142 1953 1198 2006 id
1241 1955 1316 2009 fc·

281 2032 449 2095 cerit,
481 2031 703 2084 arbitrio
724 2032 963 2104 praitoria
989 2033 1316 2099 verberator,

281 2109 652 2182 damnumque
677 2109 863 2165 datum
885 2112 939 2165 in
960 2109 1186 2184 duplum
1207 2131 1316 2169 aar·

281 2189 417 2243 cito.
449 2191 726 2245 Hum—
763 2191 988 2262 Capitale
1012 2206 1132 2245 erat.
1166 2192 1313 2247 Brot.

279 2285 350 2322 ex
371 2267 497 2324 cod.
521 2272 648 2341 Reg.
678 2289 706 2323 a
725 2310 742 2340 ,
761 2288 906 2324 cons.
929 2271 1114 2325 Chim.
1133 2273 1320 2344 capital

277 2361 411 2402 erat.
443 2349 549 2403 ΕΒ.

372 2448 397 2482 1
415 2429 466 2483 5.
504 2430 740 2481 Proetore's
771 2430 1011 2483 arbitram
1048 2429 1313 2486 verberari,

277 2509 404 2561 Hoc
417 2521 495 2561 est
509 2548 526 2574 ,
537 2507 760 2582 judicia,
781 2508 891 2562 sive
913 2511 1156 2564 consulis.
1173 2511 1309 2564 Nam

273 2590 506 2661 regibus
535 2589 730 2641 exactis
751 2588 914 2647 iidem
946 2604 1094 2643 erant
1118 2605 1310 2661 prmo-

275 2686 399 2731 τω,
425 2668 519 2741 qui
548 2670 789 2722 consules
811 2688 824 2720 :
851 2667 1012 2721 iidem
1043 2689 1258 2743 quoque
1279 2690 1310 2725 a

273 2744 573 2817 judicando
619 2746 748 2802 dicti
789 2747 1008 2819 judices.
1032 2750 1114 2801 Ita
1145 2752 1307 2823 vulgo

271 2840 520 2881 statuunt
546 2826 766 2893 eruditi,
792 2826 884 2885 sed
911 2828 1070 2893 falso,
1087 2829 1305 2901 opinor:

273 2926 406 2978 qua
435 2908 606 2960 multo
642 2920 857 2963 tractata
898 2908 1159 2979 prolixius
1184 2909 1308 2964 vide

273 2985 430 3058 apud
449 2987 706 3041 vossium
728 2987 784 3038 in
812 2988 1050 3057 Etymol.
1083 2989 1264 3044 llum.

369 3070 461 3121 16.
490 3066 605 3118 lam
630 3066 897 3129 distinctio,
941 3080 1042 3122 etc.
1089 3068 1301 3135 Livius,

267 3146 374 3199 lib.
404 3148 464 3213 1,
487 3146 542 3199 in
570 3146 806 3200 tribuum
832 3143 1174 3201 distinctione
1193 3169 1303 3203 non

267 3225 417 3280 nihil
449 3223 690 3279 dissentit
726 3244 757 3278 a
797 3226 1040 3280 Varrone
1062 3265 1080 3292 ,
1113 3226 1300 3296 Fest0,

265 3306 508 3359 Asconio
525 3344 542 3371 ,
569 3304 871 3360 Plutarcho.
902 3306 981 3359 De
1011 3324 1190 3360 earum
1217 3329 1304 3362 co·

261 3385 529 3455 gnomine
570 3397 625 3438 et
665 3384 870 3456 origine
915 3385 1122 3458 prolixe
1148 3389 1298 3441 Alex.

265 3466 340 3517 ab
383 3464 536 3518 Alex.
576 3463 670 3517 lib.
713 3466 772 3529 1,
813 3483 926 3535 cap.
963 3485 1052 3536 17.
1079 3466 1221 3520 Vide
1247 3480 1301 3522 et

259 3544 520 3598 ‘rm-neb.
541 3543 638 3597 lib.
665 3544 847 3606 XXX,
877 3562 992 3615 cap.
1026 3564 1113 3615 ¹7·
1143 3549 1281 3600 Du..

359 3642 454 3695 ¹7·
482 3624 710 3675 Rustica.
737 3624 1030 3678 Columella
1056 3626 1112 3678 in
1140 3627 1294 3697 praef.

269 3731 296 3752 .-
320 3705 394 3757 At
433 3702 740 3757 mehercule
786 3721 914 3758 vera
955 3704 1044 3759 illa
1079 3706 1295 3758 Romuli

261 3784 467 3856 proles.
487 3823 500 3835 .
520 3823 533 3835 .
561 3801 770 3854 semper
793 3784 1051 3857 ‚rusticam
1079 3784 1290 3854 plebem

255 3863 560 3935 praeposuit
588 3864 820 3915 nrbauae.
841 3864 918 3916 Ut
937 3864 1100 3929 enim,
1124 3866 1216 3935 qui
1237 3867 1289 3917 in

253 3944 406 3996 villis
435 3942 574 3994 intra
621 3954 874 4013 consepta
912 3957 1247 3997 morarentur
1271 3982 1288 4007 ‚

251 4042 426 4094 quam
445 4021 540 4092 qui
567 4022 696 4073 foris
728 4035 922 4075 terram
951 4023 1289 4089 molirentur,

1401 1632 1494 1688 des
1533 1647 1946 1700 cunctarentur,
1993 1652 2152 1706 quam
2179 1637 2275 1707 qui
2304 1654 2429 1690 rura

1402 1713 1658 1770 colerent.
1681 1755 1695 1768 .
1720 1757 1734 1769 .
1758 1715 2021 1787 segniores
2044 1714 2161 1768 visi.
2190 1741 2212 1763 ι
2247 1717 2428 1768 Ηηι).

1489 1797 1576 1848 18.
1604 1797 1777 1866 Itaque
1823 1808 2042 1868 quatuor.
2085 1795 2220 1848 Tres
2264 1795 2431 1848 modo

1400 1872 1558 1926 fuisse
1579 1912 1595 1938 ,
1637 1875 1857 1946 aliisque
1902 1874 2208 1927 nominibus
2246 1875 2432 1928 scribit

1400 1953 1661 2006 Asconius
1713 1951 1841 2006 Ped.
1876 1953 1929 2006 in
1971 1965 2103 2006 orat.
2149 1971 2220 2006 ιιι
2248 1965 2429 2008 contra

1401 2033 1625 2086 Verrem
1644 2071 1660 2098 ,
1696 2051 1892 2104 nempe
1916 2033 2219 2084 Tatiensem
2269 2052 2427 2086 unam

1399 2130 1428 2164 a
1455 2111 1615 2164 Tatio
1642 2131 1764 2183 rege
1787 2131 1799 2163 :
1826 2115 2175 2166 Ramnensem
2213 2113 2429 2166 alteram

1400 2209 1430 2242 a
1457 2191 1733 2244 Romulo:
1770 2193 2027 2246 Lucerem
2077 2191 2288 2246 aliam'a
2317 2194 2427 2245 Lu-

1399 2287 1635 2323 cumone
1660 2291 1675 2323 =
1696 2283 1818 2344 post
1840 2270 1911 2324 de
1937 2270 2247 2324 nominibus
2274 2273 2426 2326 Sabi·

1396 2367 1587 2402 narum
1607 2350 1787 2422 plures
1805 2351 1991 2404 fuisse:
2010 2349 2074 2402 ad
2097 2361 2425 2420 postremum

1396 2429 1554 2482 XXX
1578 2443 1630 2482 et
1647 2431 1885 2502 quinque
1911 2430 2089 2482 factas.
2116 2428 2220 2481 Sed
2247 2431 2424 2484 Varro

1397 2507 1466 2561 de
1491 2509 1652 2582 Ling.
1680 2509 1852 2562 Latin.
1885 2509 1981 2562 lib.
2020 2510 2102 2561 lv
2125 2527 2140 2561 ε
2168 2535 2191 2557 ι
2209 2510 2293 2563 Ab
2319 2511 2423 2564 hoc

1395 2608 1611 2661 quoque
1642 2602 1875 2661 quatuor
1900 2600 2076 2662 partes
2106 2590 2296 2655 Urbis,
2328 2593 2424 2644 tri·

1361 2659 1366 2668 ¹
1392 2669 1494 2722 bus
1534 2668 1717 2735 dicta,
1762 2671 1843 2723 ab·
1878 2669 2008 2723 locis
2038 2687 2052 2722 τ
2082 2670 2424 2737 Suburrana,

1395 2748 1606 2803 Collina
1642 2788 1659 2815 ,
1704 2748 1961 2803 Palatina.
1998 2772 2020 2795 ι
2073 2749 2143 2802 Et
2192 2749 2420 2804 Festus:

1400 2854 1422 2875 ι
1441 2828 1687 2881 Urbanas
1732 2828 1904 2883 tribua
1957 2827 2322 2899 appellabant,
2363 2830 2420 2883 in

1391 2926 1520 2979 quas
1550 2908 1695 2960 Urbs
1726 2921 1840 2962 erat
1875 2907 2149 2977 dispartita
2178 2926 2207 2959 a
2235 2907 2421 2962 Servio

1389 2986 1570 3041 Tullio
1602 3005 1729 3058 rege
1760 3005 1775 3039 :
1813 2986 1872 3040 id
1915 2999 1993 3040 est
2008 3026 2025 3051 ‚
2072 2985 2377 3041 Suburrana
2401 3029 2417 3052 ‚

1389 3066 1655 3131 Palatina,
1680 3066 1983 3138 Esquilina,
2024 3065 2250 3119 Collina.
2271 3092 2294 3113 ο
2347 3069 2417 3123 Η.

1475 3162 1559 3215 19.
1575 3146 1876 3199 Sabae-rana.
1894 3145 1963 3198 Et
1985 3145 2175 3210 tribus,
2196 3158 2248 3198 et
2268 3149 2417 3217 regio

1387 3226 1552 3279 Urbis
1582 3226 1658 3278 sic
1684 3237 1760 3278 est
1790 3225 2053 3297 appellata
2079 3237 2294 3277 auctore
2324 3226 2419 3279 Fe·

1385 3315 1467 3358 ato
1486 3344 1502 3371 ,
1550 3307 1698 3379 quasi
1750 3298 2077 3357 Succurrana
2102 3342 2118 3370 ,
2168 3323 2195 3355 a
2227 3306 2415 3359 stativo

1385 3384 1635 3455 praesidio
1649 3383 1795 3455 quod
1816 3384 2027 3437 solitum
2046 3396 2177 3437 esset
2198 3403 2413 3439 succur-

1386 3480 1504 3518 rere
1551 3463 1845 3536 Exquiliis,
1894 3464 2263 3517 infestantibus
2295 3483 2410 3518 eam

1383 3556 1589 3613 partem
1612 3544 1777 3597 Urbis
1794 3544 2033 3599 Gabinis.
2051 3544 2231 3597 Fuisse
2252 3545 2307 3596 in
2333 3562 2411 3598 re-

1383 3624 1544 3695 gione
1582 3624 1749 3677 Urbis
1792 3623 1979 3685 tertia,
2021 3637 2207 3677 auctor
2240 3636 2321 3677 est
2349 3626 2406 3677 P.

1386 3703 1595 3759 Victor.
1624 3704 1879 3757 Palatium
1902 3744 1915 3767 ,
1942 3723 1972 3757 a
2009 3721 2116 3775 qua
2145 3704 2371 3756 Palatina
2392 3742 2407 3768 ,

1379 3782 1434 3835 in
1461 3785 1678 3855 regione
1710 3784 1916 3837 decima
1956 3784 2091 3836 fuit:
2114 3783 2369 3853 Exquiliae
2391 3824 2405 3847 ‚

1379 3880 1503 3915 cum
1535 3876 1687 3934 porta
1712 3864 1920 3917 Collina
1939 3902 1954 3927 ,
1974 3864 2029 3915 in
2058 3863 2261 3933 quinta.
2295 3862 2361 3913 H.

1463 3944 1809 3995 20.Nundiuis
1838 3944 1995 3995 urbem
2012 3975 2027 4000 ,
2056 3954 2156 3993 etc.
2184 3941 2401 3993 Saeculis

1379 4022 1649 4093 prioribus
1678 4021 1931 4075 nundinae
1980 4019 2361 4090 frequentiores
2379 4059 2396 4084 ‚

251 4102 564 4173 ignaviores
597 4100 763 4155 habiti
789 4101 900 4155 :sic
934 4122 1023 4155 eos
1054 4106 1150 4175 qui
1186 4105 1284 4156 sub
1373 4120 1435 4155 ac
1467 4102 1624 4155 tertio
1654 4120 1868 4172 quoque
1891 4100 1977 4154 die
2008 4111 2265 4151 mercatus
2294 4099 2397 4150 fre-

253 4184 458 4241 umbra
483 4180 709 4235 civitatis
753 4182 892 4235 intra
927 4185 1118 4237 moenia
1154 4182 1284 4235 desi-

1373 4200 1557 4252 quens.
1586 4180 1731 4232 Alex.
1760 4182 1825 4233 ab
1850 4180 1998 4232 Alex.
2026 4177 2119 4229 lib.
2143 4177 2257 4241 111,
2280 4196 2395 4248 cap.
2424 4202 2431 4209 ·
