<?xml version="1.0" encoding="UTF-8"?>
<!DOCTYPE html PUBLIC "-//W3C//DTD XHTML 1.0 Transitional//EN"
    "http://www.w3.org/TR/xhtml1/DTD/xhtml1-transitional.dtd">
<html xmlns="http://www.w3.org/1999/xhtml" xml:lang="en" lang="en">
 <head>
  <title>
</title>
<meta http-equiv="Content-Type" content="text/html;charset=utf-8" />
  <meta name='ocr-system' content='tesseract 3.04.00' />
  <meta name='ocr-capabilities' content='ocr_page ocr_carea ocr_par ocr_line ocrx_word'/>
</head>
<body>
  <div class='ocr_page' id='page_1' title='image "./caiipliniisecun01hardgoog_0581.png"; bbox 0 0 3150 5150; ppageno 0'>
   <div class='ocr_carea' id='block_1_1' title="bbox 1072 555 2395 692">
    <p class='ocr_par' dir='ltr' id='par_1_1' title="bbox 1072 555 2395 692">
     <span class='ocr_line' id='line_1_1' title="bbox 1072 555 2395 692; baseline 0 -28"><span class='ocrx_word' id='word_1_1' title='bbox 1072 597 1378 666; x_wconf 80' lang='lat' dir='ltr'>LIBER</span> <span class='ocrx_word' id='word_1_2' title='bbox 1427 599 1590 667; x_wconf 85' lang='lat' dir='ltr'><strong>xx.</strong></span> <span class='ocrx_word' id='word_1_3' title='bbox 2243 555 2395 692; x_wconf 59' lang='lat'>&#39;571</span> 
     </span>
    </p>
   </div>
   <div class='ocr_carea' id='block_1_2' title="bbox 182 728 2482 2103">
    <p class='ocr_par' dir='ltr' id='par_1_2' title="bbox 182 728 2418 1677">
     <span class='ocr_line' id='line_1_2' title="bbox 182 728 2414 826; baseline 0 -27"><span class='ocrx_word' id='word_1_4' title='bbox 182 731 557 801; x_wconf 84' lang='lat' dir='ltr'>marinos</span> <span class='ocrx_word' id='word_1_5' title='bbox 576 784 604 818; x_wconf 89' lang='lat'>‚</span> <span class='ocrx_word' id='word_1_6' title='bbox 628 744 699 801; x_wconf 87' lang='lat' dir='ltr'>et</span> <span class='ocrx_word' id='word_1_7' title='bbox 736 731 821 800; x_wconf 82' lang='lat' dir='ltr'>ad</span> <span class='ocrx_word' id='word_1_8' title='bbox 856 745 1215 826; x_wconf 78' lang='lat' dir='ltr'><strong>serpentes.</strong></span> <span class='ocrx_word' id='word_1_9' title='bbox 1261 731 1622 826; x_wconf 87' lang='lat' dir='ltr'>Epiphoris</span> <span class='ocrx_word' id='word_1_10' title='bbox 1659 728 1970 816; x_wconf 84' lang='lat' dir='ltr'>illinitur,</span> <span class='ocrx_word' id='word_1_11' title='bbox 1998 744 2067 798; x_wconf 87' lang='lat' dir='ltr'>et</span> <span class='ocrx_word' id='word_1_12' title='bbox 2104 730 2414 799; x_wconf 83' lang='lat' dir='ltr'>omnibus</span> 
     </span>
     <span class='ocr_line' id='line_1_3' title="bbox 184 835 2414 933; baseline 0.001 -29"><span class='ocrx_word' id='word_1_13' title='bbox 184 838 268 904; x_wconf 86' lang='lat' dir='ltr'>in</span> <span class='ocrx_word' id='word_1_14' title='bbox 320 839 605 932; x_wconf 81' lang='lat' dir='ltr'><strong>capite</strong></span> <span class='ocrx_word' id='word_1_15' title='bbox 639 838 1096 933; x_wconf 83' lang='lat' dir='ltr'>eruptionibus</span> <span class='ocrx_word' id='word_1_16' title='bbox 1127 863 1141 906; x_wconf 92' lang='lat'><strong>:</strong></span> <span class='ocrx_word' id='word_1_17' title='bbox 1179 839 1339 906; x_wconf 88' lang='lat' dir='ltr'><strong>item</strong></span> <span class='ocrx_word' id='word_1_18' title='bbox 1361 835 1411 876; x_wconf 84' lang='lat'>¹⁹</span> <span class='ocrx_word' id='word_1_19' title='bbox 1449 837 1620 907; x_wconf 85' lang='lat' dir='ltr'>sedis</span> <span class='ocrx_word' id='word_1_20' title='bbox 1655 837 1848 905; x_wconf 82' lang='lat' dir='ltr'>vitiis.</span> <span class='ocrx_word' id='word_1_21' title='bbox 1885 836 2344 931; x_wconf 82' lang='lat' dir='ltr'><strong>Intertrigines</strong></span> <span class='ocrx_word' id='word_1_22' title='bbox 2362 835 2414 860; x_wconf 81' lang='lat'>²⁶</span> 
     </span>
     <span class='ocr_line' id='line_1_4' title="bbox 192 940 2411 1038; baseline 0 -26"><span class='ocrx_word' id='word_1_23' title='bbox 192 967 520 1038; x_wconf 88' lang='lat' dir='ltr'>quoque</span> <span class='ocrx_word' id='word_1_24' title='bbox 540 998 568 1032; x_wconf 89' lang='lat'>‚</span> <span class='ocrx_word' id='word_1_25' title='bbox 606 943 714 1014; x_wconf 82' lang='lat' dir='ltr'>vel</span> <span class='ocrx_word' id='word_1_26' title='bbox 752 947 808 1014; x_wconf 85' lang='lat' dir='ltr'>si</span> <span class='ocrx_word' id='word_1_27' title='bbox 843 959 1150 1014; x_wconf 80' lang='lat' dir='ltr'><strong>teneatur</strong></span> <span class='ocrx_word' id='word_1_28' title='bbox 1184 957 1475 1030; x_wconf 86' lang='lat' dir='ltr'>tantum,</span> <span class='ocrx_word' id='word_1_29' title='bbox 1509 943 1840 1038; x_wconf 85' lang='lat' dir='ltr'><strong>prohibet.</strong></span> <span class='ocrx_word' id='word_1_30' title='bbox 1869 940 2224 1012; x_wconf 85' lang='lat' dir='ltr'>Auribus²¹</span> <span class='ocrx_word' id='word_1_31' title='bbox 2258 967 2411 1012; x_wconf 91' lang='lat' dir='ltr'>cum</span> 
     </span>
     <span class='ocr_line' id='line_1_5' title="bbox 192 1048 2418 1144; baseline 0 -27"><span class='ocrx_word' id='word_1_32' title='bbox 192 1048 461 1118; x_wconf 88' lang='lat' dir='ltr'>mulso</span> <span class='ocrx_word' id='word_1_33' title='bbox 508 1050 896 1121; x_wconf 86' lang='lat' dir='ltr'>instillatur.</span> <span class='ocrx_word' id='word_1_34' title='bbox 942 1052 1145 1119; x_wconf 89' lang='lat' dir='ltr'>Aiunt</span> <span class='ocrx_word' id='word_1_35' title='bbox 1178 1065 1245 1120; x_wconf 86' lang='lat' dir='ltr'>et</span> <span class='ocrx_word' id='word_1_36' title='bbox 1278 1049 1432 1120; x_wconf 86' lang='lat' dir='ltr'><strong>lieni</strong></span> <span class='ocrx_word' id='word_1_37' title='bbox 1474 1050 1727 1119; x_wconf 82' lang='lat' dir='ltr'><strong>mederi</strong></span> <span class='ocrx_word' id='word_1_38' title='bbox 1765 1073 1912 1118; x_wconf 87' lang='lat' dir='ltr'>eam</span> <span class='ocrx_word' id='word_1_39' title='bbox 1957 1051 2026 1117; x_wconf 87' lang='lat' dir='ltr'>in</span> <span class='ocrx_word' id='word_1_40' title='bbox 2066 1049 2266 1118; x_wconf 81' lang='lat' dir='ltr'>horto</span> <span class='ocrx_word' id='word_1_41' title='bbox 2303 1075 2418 1144; x_wconf 84' lang='lat' dir='ltr'>gu·</span> 
     </span>
     <span class='ocr_line' id='line_1_6' title="bbox 204 1150 2416 1252; baseline 0 -29"><span class='ocrx_word' id='word_1_42' title='bbox 204 1170 493 1225; x_wconf 78' lang='lat' dir='ltr'>statum</span> <span class='ocrx_word' id='word_1_43' title='bbox 516 1211 543 1242; x_wconf 91' lang='lat'>‚</span> <span class='ocrx_word' id='word_1_44' title='bbox 591 1159 687 1227; x_wconf 85' lang='lat' dir='ltr'>ita</span> <span class='ocrx_word' id='word_1_45' title='bbox 728 1183 813 1227; x_wconf 87' lang='lat' dir='ltr'>ne</span> <span class='ocrx_word' id='word_1_46' title='bbox 856 1156 1187 1226; x_wconf 80' lang='lat' dir='ltr'><strong>vellatur:</strong></span> <span class='ocrx_word' id='word_1_47' title='bbox 1232 1159 1284 1225; x_wconf 82' lang='lat' dir='ltr'>si</span> <span class='ocrx_word' id='word_1_48' title='bbox 1318 1159 1371 1226; x_wconf 90' lang='lat' dir='ltr'>is</span> <span class='ocrx_word' id='word_1_49' title='bbox 1416 1158 1529 1252; x_wconf 92' lang='lat' dir='ltr'>qui</span> <span class='ocrx_word' id='word_1_50' title='bbox 1565 1155 1905 1242; x_wconf 87' lang='lat' dir='ltr'><strong>mordeat,</strong></span> <span class='ocrx_word' id='word_1_51' title='bbox 1944 1155 2122 1226; x_wconf 88' lang='lat' dir='ltr'>dicat</span> <span class='ocrx_word' id='word_1_52' title='bbox 2156 1180 2226 1225; x_wconf 85' lang='lat' dir='ltr'>se</span> <span class='ocrx_word' id='word_1_53' title='bbox 2260 1150 2416 1224; x_wconf 89' lang='lat' dir='ltr'>lieni</span> 
     </span>
     <span class='ocr_line' id='line_1_7' title="bbox 202 1261 2416 1358; baseline -0 -27"><span class='ocrx_word' id='word_1_54' title='bbox 202 1261 555 1349; x_wconf 85' lang='lat' dir='ltr'>mederi,</span> <span class='ocrx_word' id='word_1_55' title='bbox 592 1287 715 1358; x_wconf 85' lang='lat' dir='ltr'>per</span> <span class='ocrx_word' id='word_1_56' title='bbox 752 1263 889 1333; x_wconf 88' lang='lat' dir='ltr'><strong>dies</strong></span> <span class='ocrx_word' id='word_1_57' title='bbox 917 1287 1018 1333; x_wconf 74' lang='lat' dir='ltr'><strong>lx.</strong></span> <span class='ocrx_word' id='word_1_58' title='bbox 1052 1263 1333 1334; x_wconf 82' lang='lat' dir='ltr'>Aridae²²</span> <span class='ocrx_word' id='word_1_59' title='bbox 1363 1287 1632 1358; x_wconf 87' lang='lat' dir='ltr'>quoque</span> <span class='ocrx_word' id='word_1_60' title='bbox 1669 1263 1949 1332; x_wconf 81' lang='lat' dir='ltr'>farinam</span> <span class='ocrx_word' id='word_1_61' title='bbox 1992 1262 2205 1331; x_wconf 85' lang='lat' dir='ltr'>tribus</span> <span class='ocrx_word' id='word_1_62' title='bbox 2247 1261 2416 1356; x_wconf 87' lang='lat' dir='ltr'>digi-</span> 
     </span>
     <span class='ocr_line' id='line_1_8' title="bbox 210 1368 2413 1464; baseline 0 -28"><span class='ocrx_word' id='word_1_63' title='bbox 210 1370 309 1438; x_wconf 86' lang='lat' dir='ltr'>tis</span> <span class='ocrx_word' id='word_1_64' title='bbox 352 1371 918 1464; x_wconf 81' lang='lat' dir='ltr'><strong>apprehensam,</strong></span> <span class='ocrx_word' id='word_1_65' title='bbox 962 1385 1029 1440; x_wconf 90' lang='lat' dir='ltr'>et</span> <span class='ocrx_word' id='word_1_66' title='bbox 1081 1370 1405 1439; x_wconf 81' lang='lat' dir='ltr'>stomachi</span> <span class='ocrx_word' id='word_1_67' title='bbox 1450 1368 1752 1438; x_wconf 85' lang='lat' dir='ltr'><strong>dolorem</strong></span> <span class='ocrx_word' id='word_1_68' title='bbox 1800 1369 2030 1438; x_wconf 82' lang='lat' dir='ltr'><strong>sedare</strong></span> <span class='ocrx_word' id='word_1_69' title='bbox 2079 1370 2149 1436; x_wconf 92' lang='lat' dir='ltr'>in</span> <span class='ocrx_word' id='word_1_70' title='bbox 2198 1391 2413 1462; x_wconf 85' lang='lat' dir='ltr'>aqua:</span> 
     </span>
     <span class='ocr_line' id='line_1_9' title="bbox 216 1461 2416 1572; baseline -0 -29"><span class='ocrx_word' id='word_1_71' title='bbox 216 1489 295 1544; x_wconf 81' lang='lat' dir='ltr'>et</span> <span class='ocrx_word' id='word_1_72' title='bbox 364 1475 734 1546; x_wconf 57' lang='lat' dir='ltr'>similiter*</span> <span class='ocrx_word' id='word_1_73' title='bbox 762 1501 1097 1572; x_wconf 84' lang='lat' dir='ltr'><strong>aspersam</strong></span> <span class='ocrx_word' id='word_1_74' title='bbox 1159 1479 1228 1546; x_wconf 90' lang='lat' dir='ltr'>in</span> <span class='ocrx_word' id='word_1_75' title='bbox 1290 1477 1633 1570; x_wconf 79' lang='lat' dir='ltr'><strong>potionem</strong></span> <span class='ocrx_word' id='word_1_76' title='bbox 1659 1529 1678 1563; x_wconf 89' lang='lat'>‚</span> <span class='ocrx_word' id='word_1_77' title='bbox 1737 1477 1988 1545; x_wconf 83' lang='lat' dir='ltr'>ventris</span> <span class='ocrx_word' id='word_1_78' title='bbox 2009 1461 2058 1500; x_wconf 83' lang='lat'>²³</span> <span class='ocrx_word' id='word_1_79' title='bbox 2112 1473 2416 1544; x_wconf 82' lang='lat' dir='ltr'>animalia</span> 
     </span>
     <span class='ocr_line' id='line_1_10' title="bbox 219 1581 625 1677; baseline 0 -28"><span class='ocrx_word' id='word_1_80' title='bbox 219 1581 625 1677; x_wconf 76' lang='lat' dir='ltr'><strong>expellere.</strong></span> 
     </span>
    </p>

    <p class='ocr_par' dir='ltr' id='par_1_3' title="bbox 227 1685 2482 2103">
     <span class='ocr_line' id='line_1_11' title="bbox 340 1685 2482 1784; baseline -0.001 -26"><span class='ocrx_word' id='word_1_81' title='bbox 340 1689 557 1758; x_wconf 89' lang='lat' dir='ltr'><strong>LIV.</strong></span> <span class='ocrx_word' id='word_1_82' title='bbox 600 1692 851 1784; x_wconf 81' lang='lat' dir='ltr'>Magna</span> <span class='ocrx_word' id='word_1_83' title='bbox 887 1689 1165 1758; x_wconf 82' lang='lat' dir='ltr'>societas</span> <span class='ocrx_word' id='word_1_84' title='bbox 1200 1712 1352 1757; x_wconf 89' lang='lat' dir='ltr'>cum</span> <span class='ocrx_word' id='word_1_85' title='bbox 1376 1689 1505 1758; x_wconf 84' lang='lat' dir='ltr'>hac</span> <span class='ocrx_word' id='word_1_86' title='bbox 1532 1688 1616 1757; x_wconf 88' lang='lat' dir='ltr'>ad</span> <span class='ocrx_word' id='word_1_87' title='bbox 1650 1685 2081 1758; x_wconf 69' lang='lat' dir='ltr'><strong>recreandos*</strong></span> <span class='ocrx_word' id='word_1_88' title='bbox 2120 1685 2416 1756; x_wconf 86' lang='lat' dir='ltr'><strong>defectos</strong></span> <span class='ocrx_word' id='word_1_89' title='bbox 2463 1718 2482 1756; x_wconf 76' lang='lat' dir='ltr'><strong>r</strong></span> 
     </span>
     <span class='ocr_line' id='line_1_12' title="bbox 227 1793 2416 1927; baseline 0 -66"><span class='ocrx_word' id='word_1_90' title='bbox 227 1796 495 1864; x_wconf 83' lang='lat' dir='ltr'>animo</span> <span class='ocrx_word' id='word_1_91' title='bbox 523 1795 821 1890; x_wconf 88' lang='lat' dir='ltr'><strong>pulegi0,</strong></span> <span class='ocrx_word' id='word_1_92' title='bbox 852 1819 1005 1865; x_wconf 88' lang='lat' dir='ltr'>cum</span> <span class='ocrx_word' id='word_1_93' title='bbox 1044 1794 1323 1865; x_wconf 88' lang='lat' dir='ltr'>surculis</span> <span class='ocrx_word' id='word_1_94' title='bbox 1352 1797 1486 1865; x_wconf 85' lang='lat' dir='ltr'>suis</span> <span class='ocrx_word' id='word_1_95' title='bbox 1514 1797 1583 1864; x_wconf 88' lang='lat' dir='ltr'>in</span> <span class='ocrx_word' id='word_1_96' title='bbox 1617 1793 1941 1927; x_wconf 67' lang='lat' dir='ltr'>ampullas</span> <span class='ocrx_word' id='word_1_97' title='bbox 1969 1794 2214 1863; x_wconf 88' lang='lat' dir='ltr'><strong>vitreas</strong></span> <span class='ocrx_word' id='word_1_98' title='bbox 2247 1795 2416 1862; x_wconf 84' lang='lat' dir='ltr'><strong>aceti</strong></span> 
     </span>
     <span class='ocr_line' id='line_1_13' title="bbox 233 1899 2418 1996; baseline -0 -28"><span class='ocrx_word' id='word_1_99' title='bbox 233 1900 609 1996; x_wconf 83' lang='lat' dir='ltr'>utrisque²</span> <span class='ocrx_word' id='word_1_100' title='bbox 636 1901 927 1994; x_wconf 87' lang='lat' dir='ltr'><strong>dejectis.</strong></span> <span class='ocrx_word' id='word_1_101' title='bbox 953 1903 1105 1990; x_wconf 89' lang='lat' dir='ltr'>Qua</span> <span class='ocrx_word' id='word_1_102' title='bbox 1142 1900 1226 1970; x_wconf 92' lang='lat' dir='ltr'>de</span> <span class='ocrx_word' id='word_1_103' title='bbox 1256 1925 1453 1971; x_wconf 83' lang='lat' dir='ltr'>causa</span> <span class='ocrx_word' id='word_1_104' title='bbox 1476 1902 1742 1996; x_wconf 87' lang='lat' dir='ltr'>dignior</span> <span class='ocrx_word' id='word_1_105' title='bbox 1797 1925 1836 1970; x_wconf 88' lang='lat' dir='ltr'>e</span> <span class='ocrx_word' id='word_1_106' title='bbox 1873 1899 2139 1996; x_wconf 85' lang='lat' dir='ltr'><strong>pulegio</strong></span> <span class='ocrx_word' id='word_1_107' title='bbox 2171 1923 2418 1969; x_wconf 86' lang='lat' dir='ltr'>corona</span> 
     </span>
     <span class='ocr_line' id='line_1_14' title="bbox 232 1995 2418 2103; baseline -0 -28"><span class='ocrx_word' id='word_1_108' title='bbox 232 2008 597 2094; x_wconf 84' lang='lat' dir='ltr'>Varroni,</span> <span class='ocrx_word' id='word_1_109' title='bbox 624 2031 824 2103; x_wconf 74' lang='lat' dir='ltr'>quam</span> <span class='ocrx_word' id='word_1_110' title='bbox 853 2032 893 2076; x_wconf 90' lang='lat' dir='ltr'>e</span> <span class='ocrx_word' id='word_1_111' title='bbox 924 2011 1123 2092; x_wconf 75' lang='lat' dir='ltr'>rosiS,</span> <span class='ocrx_word' id='word_1_112' title='bbox 1159 1995 1514 2078; x_wconf 78' lang='lat' dir='ltr'>cubiculis⁴</span> <span class='ocrx_word' id='word_1_113' title='bbox 1543 2010 1787 2078; x_wconf 89' lang='lat' dir='ltr'>uostris</span> <span class='ocrx_word' id='word_1_114' title='bbox 1821 2008 2250 2103; x_wconf 81' lang='lat' dir='ltr'>pronuntiata</span> <span class='ocrx_word' id='word_1_115' title='bbox 2278 2020 2418 2075; x_wconf 88' lang='lat' dir='ltr'><strong>est:</strong></span> 
     </span>
    </p>
   </div>
   <div class='ocr_carea' id='block_1_3' title="bbox 244 2179 2424 3132">
    <p class='ocr_par' dir='ltr' id='par_1_4' title="bbox 335 2179 2424 2256">
     <span class='ocr_line' id='line_1_15' title="bbox 335 2179 2424 2256; baseline 0 -22"><span class='ocrx_word' id='word_1_116' title='bbox 335 2199 437 2251; x_wconf 86' lang='lat'><strong>19.</strong></span> <span class='ocrx_word' id='word_1_117' title='bbox 490 2183 631 2235; x_wconf 77' lang='lat' dir='ltr'><strong>Item.</strong></span> <span class='ocrx_word' id='word_1_118' title='bbox 671 2180 832 2234; x_wconf 79' lang='lat' dir='ltr'><strong>Sedes</strong></span> <span class='ocrx_word' id='word_1_119' title='bbox 870 2201 899 2234; x_wconf 80' lang='lat' dir='ltr'><strong>a</strong></span> <span class='ocrx_word' id='word_1_120' title='bbox 938 2179 1159 2234; x_wconf 81' lang='lat' dir='ltr'>medicis</span> <span class='ocrx_word' id='word_1_121' title='bbox 1195 2200 1297 2252; x_wconf 88' lang='lat' dir='ltr'>pro</span> <span class='ocrx_word' id='word_1_122' title='bbox 1466 2204 1517 2234; x_wconf 71' lang='grc' dir='ltr'>α.</span> <span class='ocrx_word' id='word_1_123' title='bbox 1564 2183 1804 2256; x_wconf 78' lang='lat' dir='ltr'><strong>Utrisque.</strong></span> <span class='ocrx_word' id='word_1_124' title='bbox 1851 2183 2073 2248; x_wconf 63' lang='lat' dir='ltr'><strong>Mente,</strong></span> <span class='ocrx_word' id='word_1_125' title='bbox 2110 2181 2424 2253; x_wconf 81' lang='lat' dir='ltr'><strong>pulegiique</strong></span> 
     </span>
    </p>

    <p class='ocr_par' dir='ltr' id='par_1_5' title="bbox 244 2261 2424 3132">
     <span class='ocr_line' id='line_1_16' title="bbox 244 2261 1836 2333; baseline 0.001 -21"><span class='ocrx_word' id='word_1_126' title='bbox 244 2261 479 2314; x_wconf 77' lang='lat' dir='ltr'>natibus</span> <span class='ocrx_word' id='word_1_127' title='bbox 502 2261 764 2333; x_wconf 75' lang='lat' dir='ltr'>accipitur</span> <span class='ocrx_word' id='word_1_128' title='bbox 780 2301 796 2327; x_wconf 89' lang='lat'><strong>,</strong></span> <span class='ocrx_word' id='word_1_129' title='bbox 817 2273 1041 2332; x_wconf 77' lang='lat' dir='ltr'>totaque</span> <span class='ocrx_word' id='word_1_130' title='bbox 1064 2280 1123 2314; x_wconf 74' lang='lat' dir='ltr'>ea</span> <span class='ocrx_word' id='word_1_131' title='bbox 1148 2274 1301 2332; x_wconf 77' lang='lat' dir='ltr'><strong>parte</strong></span> <span class='ocrx_word' id='word_1_132' title='bbox 1384 2262 1627 2315; x_wconf 80' lang='lat' dir='ltr'>surculis.</span> <span class='ocrx_word' id='word_1_133' title='bbox 1653 2261 1836 2315; x_wconf 62' lang='lat' dir='ltr'>nnn.</span> 
     </span>
     <span class='ocr_line' id='line_1_17' title="bbox 244 2339 2424 2412; baseline -0.001 -19"><span class='ocrx_word' id='word_1_134' title='bbox 244 2341 535 2410; x_wconf 71' lang='lat' dir='ltr'>corporis,</span> <span class='ocrx_word' id='word_1_135' title='bbox 567 2359 727 2412; x_wconf 80' lang='lat' dir='ltr'><strong>super</strong></span> <span class='ocrx_word' id='word_1_136' title='bbox 756 2359 860 2412; x_wconf 80' lang='lat' dir='ltr'>qua</span> <span class='ocrx_word' id='word_1_137' title='bbox 888 2339 1129 2394; x_wconf 77' lang='lat' dir='ltr'><strong>sedentes</strong></span> <span class='ocrx_word' id='word_1_138' title='bbox 1160 2341 1301 2394; x_wconf 87' lang='lat' dir='ltr'>inni·</span> <span class='ocrx_word' id='word_1_139' title='bbox 1475 2342 1529 2395; x_wconf 89' lang='grc'>3.</span> <span class='ocrx_word' id='word_1_140' title='bbox 1555 2342 1776 2411; x_wconf 69' lang='lat' dir='ltr'>Dignior</span> <span class='ocrx_word' id='word_1_141' title='bbox 1808 2363 1835 2394; x_wconf 76' lang='lat' dir='ltr'>e</span> <span class='ocrx_word' id='word_1_142' title='bbox 1862 2341 2064 2412; x_wconf 74' lang='lat' dir='ltr'>pulegio</span> <span class='ocrx_word' id='word_1_143' title='bbox 2091 2359 2269 2392; x_wconf 79' lang='lat' dir='ltr'>corona</span> <span class='ocrx_word' id='word_1_144' title='bbox 2294 2340 2352 2391; x_wconf 88' lang='lat' dir='ltr'><em>V</em></span> <span class='ocrx_word' id='word_1_145' title='bbox 2345 2359 2424 2391; x_wconf 80' lang='lat' dir='ltr'>ar·</span> 
     </span>
     <span class='ocr_line' id='line_1_18' title="bbox 246 2419 2420 2494; baseline -0 -22"><span class='ocrx_word' id='word_1_146' title='bbox 246 2420 451 2476; x_wconf 76' lang='lat' dir='ltr'>timur.</span> <span class='ocrx_word' id='word_1_147' title='bbox 482 2421 666 2474; x_wconf 53' lang='lat' dir='ltr'><strong>Ham).</strong></span> <span class='ocrx_word' id='word_1_148' title='bbox 1387 2424 1518 2485; x_wconf 77' lang='lat' dir='ltr'>mni,</span> <span class='ocrx_word' id='word_1_149' title='bbox 1550 2441 1693 2494; x_wconf 78' lang='lat' dir='ltr'>quam</span> <span class='ocrx_word' id='word_1_150' title='bbox 1711 2460 1727 2488; x_wconf 87' lang='lat'>,</span> <span class='ocrx_word' id='word_1_151' title='bbox 1753 2434 1854 2475; x_wconf 82' lang='lat' dir='ltr'><strong>etc.</strong></span> <span class='ocrx_word' id='word_1_152' title='bbox 1879 2421 2096 2474; x_wconf 77' lang='lat' dir='ltr'>Sincera</span> <span class='ocrx_word' id='word_1_153' title='bbox 2115 2421 2230 2473; x_wconf 78' lang='lat' dir='ltr'>haec</span> <span class='ocrx_word' id='word_1_154' title='bbox 2255 2419 2420 2473; x_wconf 89' lang='lat' dir='ltr'>lectio</span> 
     </span>
     <span class='ocr_line' id='line_1_19' title="bbox 311 2498 2418 2571; baseline -0 -18"><span class='ocrx_word' id='word_1_155' title='bbox 311 2501 1087 2571; x_wconf 73' lang='lat' dir='ltr'><strong>20.Interere’gines.1ntertrigo</strong></span> <span class='ocrx_word' id='word_1_156' title='bbox 1102 2499 1301 2552; x_wconf 78' lang='lat' dir='ltr'>malum</span> <span class='ocrx_word' id='word_1_157' title='bbox 1386 2513 1466 2553; x_wconf 80' lang='lat' dir='ltr'>est</span> <span class='ocrx_word' id='word_1_158' title='bbox 1495 2503 1561 2553; x_wconf 88' lang='lat' dir='ltr'>R.</span> <span class='ocrx_word' id='word_1_159' title='bbox 1605 2523 1635 2554; x_wconf 76' lang='lat' dir='ltr'>n</span> <span class='ocrx_word' id='word_1_160' title='bbox 1678 2499 1798 2554; x_wconf 84' lang='lat' dir='ltr'><strong>cod.</strong></span> <span class='ocrx_word' id='word_1_161' title='bbox 1838 2514 1891 2555; x_wconf 84' lang='lat' dir='ltr'>et</span> <span class='ocrx_word' id='word_1_162' title='bbox 1933 2500 2118 2555; x_wconf 84' lang='lat' dir='ltr'><strong>chiffl.</strong></span> <span class='ocrx_word' id='word_1_163' title='bbox 2157 2502 2222 2553; x_wconf 84' lang='lat' dir='ltr'>lu</span> <span class='ocrx_word' id='word_1_164' title='bbox 2271 2498 2418 2563; x_wconf 80' lang='lat' dir='ltr'>aliis,</span> 
     </span>
     <span class='ocr_line' id='line_1_20' title="bbox 252 2579 2420 2653; baseline -0.001 -20"><span class='ocrx_word' id='word_1_165' title='bbox 252 2590 337 2633; x_wconf 81' lang='lat' dir='ltr'>est</span> <span class='ocrx_word' id='word_1_166' title='bbox 362 2618 381 2645; x_wconf 86' lang='lat'><strong>,</strong></span> <span class='ocrx_word' id='word_1_167' title='bbox 425 2600 542 2653; x_wconf 86' lang='lat' dir='ltr'>quo</span> <span class='ocrx_word' id='word_1_168' title='bbox 582 2582 779 2635; x_wconf 77' lang='lat' dir='ltr'><strong>femina</strong></span> <span class='ocrx_word' id='word_1_169' title='bbox 816 2582 1054 2652; x_wconf 81' lang='lat' dir='ltr'>equitatu</span> <span class='ocrx_word' id='word_1_170' title='bbox 1076 2618 1093 2645; x_wconf 89' lang='lat'>‚</span> <span class='ocrx_word' id='word_1_171' title='bbox 1136 2580 1303 2634; x_wconf 81' lang='lat' dir='ltr'><strong>aliave</strong></span> <span class='ocrx_word' id='word_1_172' title='bbox 1386 2592 1557 2633; x_wconf 76' lang='lat' dir='ltr'><strong>eonem</strong></span> <span class='ocrx_word' id='word_1_173' title='bbox 1572 2585 1776 2636; x_wconf 67' lang='lat' dir='ltr'>martini.</span> <span class='ocrx_word' id='word_1_174' title='bbox 1796 2584 1860 2635; x_wconf 91' lang='lat' dir='ltr'>In</span> <span class='ocrx_word' id='word_1_175' title='bbox 1884 2579 2069 2645; x_wconf 78' lang='lat' dir='ltr'>editis,</span> <span class='ocrx_word' id='word_1_176' title='bbox 2095 2600 2275 2633; x_wconf 75' lang='lat' dir='ltr'>corona</span> <span class='ocrx_word' id='word_1_177' title='bbox 2309 2602 2420 2632; x_wconf 72' lang='lat' dir='ltr'><strong>ven·-</strong></span> 
     </span>
     <span class='ocr_line' id='line_1_21' title="bbox 258 2658 2420 2734; baseline 0.001 -23"><span class='ocrx_word' id='word_1_178' title='bbox 258 2660 426 2713; x_wconf 69' lang='lat' dir='ltr'>simili</span> <span class='ocrx_word' id='word_1_179' title='bbox 459 2660 532 2714; x_wconf 90' lang='lat' dir='ltr'>de</span> <span class='ocrx_word' id='word_1_180' title='bbox 549 2679 703 2714; x_wconf 78' lang='lat' dir='ltr'>causa</span> <span class='ocrx_word' id='word_1_181' title='bbox 729 2672 1047 2724; x_wconf 78' lang='lat' dir='ltr'>atteruntur,</span> <span class='ocrx_word' id='word_1_182' title='bbox 1066 2658 1303 2713; x_wconf 75' lang='lat' dir='ltr'>adm-un-</span> <span class='ocrx_word' id='word_1_183' title='bbox 1388 2664 1535 2730; x_wconf 71' lang='lat' dir='ltr'>tigim‘</span> <span class='ocrx_word' id='word_1_184' title='bbox 1546 2698 1563 2723; x_wconf 87' lang='lat'>‚</span> <span class='ocrx_word' id='word_1_185' title='bbox 1587 2662 1781 2734; x_wconf 73' lang='lat' dir='ltr'>legitur</span> <span class='ocrx_word' id='word_1_186' title='bbox 1799 2662 1924 2716; x_wconf 79' lang='lat' dir='ltr'>sutis</span> <span class='ocrx_word' id='word_1_187' title='bbox 1945 2662 2158 2716; x_wconf 84' lang='lat' dir='ltr'>insulse.</span> <span class='ocrx_word' id='word_1_188' title='bbox 2187 2663 2255 2715; x_wconf 86' lang='lat' dir='ltr'>Et</span> <span class='ocrx_word' id='word_1_189' title='bbox 2276 2674 2420 2713; x_wconf 76' lang='lat' dir='ltr'><strong>certe</strong></span> 
     </span>
     <span class='ocr_line' id='line_1_22' title="bbox 257 2737 2422 2813; baseline 0 -22"><span class='ocrx_word' id='word_1_190' title='bbox 257 2749 368 2793; x_wconf 75' lang='lat' dir='ltr'><strong>tur.</strong></span> <span class='ocrx_word' id='word_1_191' title='bbox 418 2740 574 2794; x_wconf 74' lang='lat' dir='ltr'>Alias</span> <span class='ocrx_word' id='word_1_192' title='bbox 616 2737 792 2794; x_wconf 73' lang='lat' dir='ltr'>utu-ita</span> <span class='ocrx_word' id='word_1_193' title='bbox 836 2737 1105 2794; x_wconf 85' lang='lat' dir='ltr'>dicuntur.</span> <span class='ocrx_word' id='word_1_194' title='bbox 1141 2740 1303 2791; x_wconf 76' lang='lat' dir='ltr'><strong>Inter·</strong></span> <span class='ocrx_word' id='word_1_195' title='bbox 1387 2741 1588 2811; x_wconf 68' lang='lat' dir='ltr'>dignior·</span> <span class='ocrx_word' id='word_1_196' title='bbox 1599 2761 1775 2793; x_wconf 80' lang='lat' dir='ltr'>corona</span> <span class='ocrx_word' id='word_1_197' title='bbox 1791 2742 2194 2813; x_wconf 58' lang='lat' dir='ltr'>cubiculi-&#39;quum</span> <span class='ocrx_word' id='word_1_198' title='bbox 2209 2742 2422 2803; x_wconf 79' lang='lat' dir='ltr'>dicitur,</span> 
     </span>
     <span class='ocr_line' id='line_1_23' title="bbox 263 2818 2418 2892; baseline 0.001 -23"><span class='ocrx_word' id='word_1_199' title='bbox 263 2822 428 2889; x_wconf 70' lang='lat' dir='ltr'>trigo,</span> <span class='ocrx_word' id='word_1_200' title='bbox 458 2820 637 2892; x_wconf 85' lang='lat' dir='ltr'>inquit</span> <span class='ocrx_word' id='word_1_201' title='bbox 653 2820 857 2883; x_wconf 81' lang='lat' dir='ltr'>Varro,</span> <span class='ocrx_word' id='word_1_202' title='bbox 885 2818 952 2873; x_wconf 88' lang='lat' dir='ltr'>de</span> <span class='ocrx_word' id='word_1_203' title='bbox 974 2820 1181 2889; x_wconf 73' lang='lat' dir='ltr'>Lingua</span> <span class='ocrx_word' id='word_1_204' title='bbox 1200 2820 1304 2873; x_wconf 84' lang='lat' dir='ltr'>La·</span> <span class='ocrx_word' id='word_1_205' title='bbox 1389 2818 1455 2874; x_wconf 75' lang='lat' dir='ltr'>ed</span> <span class='ocrx_word' id='word_1_206' title='bbox 1501 2821 1876 2875; x_wconf 85' lang='lat' dir='ltr'>cubiculorum</span> <span class='ocrx_word' id='word_1_207' title='bbox 1919 2823 2086 2892; x_wconf 75' lang='lat' dir='ltr'>magis</span> <span class='ocrx_word' id='word_1_208' title='bbox 2119 2834 2367 2875; x_wconf 75' lang='lat' dir='ltr'>ornatum</span> <span class='ocrx_word' id='word_1_209' title='bbox 2404 2860 2418 2883; x_wconf 87' lang='lat'>‚</span> 
     </span>
     <span class='ocr_line' id='line_1_24' title="bbox 262 2897 2422 2973; baseline 0 -22"><span class='ocrx_word' id='word_1_210' title='bbox 262 2898 416 2952; x_wconf 77' lang='lat' dir='ltr'>tina:</span> <span class='ocrx_word' id='word_1_211' title='bbox 456 2926 479 2949; x_wconf 76' lang='grc' dir='ltr'>ι</span> <span class='ocrx_word' id='word_1_212' title='bbox 501 2901 585 2952; x_wconf 82' lang='lat' dir='ltr'>Ab</span> <span class='ocrx_word' id='word_1_213' title='bbox 624 2918 689 2952; x_wconf 92' lang='lat' dir='ltr'>eo</span> <span class='ocrx_word' id='word_1_214' title='bbox 728 2897 875 2970; x_wconf 87' lang='lat' dir='ltr'>quod</span> <span class='ocrx_word' id='word_1_215' title='bbox 912 2898 1023 2953; x_wconf 87' lang='lat' dir='ltr'>duo</span> <span class='ocrx_word' id='word_1_216' title='bbox 1065 2900 1205 2953; x_wconf 86' lang='lat' dir='ltr'>iuter</span> <span class='ocrx_word' id='word_1_217' title='bbox 1247 2918 1303 2952; x_wconf 83' lang='lat' dir='ltr'>se</span> <span class='ocrx_word' id='word_1_218' title='bbox 1393 2919 1553 2973; x_wconf 79' lang='lat' dir='ltr'>quam</span> <span class='ocrx_word' id='word_1_219' title='bbox 1579 2901 1648 2954; x_wconf 77' lang='lat' dir='ltr'>ad</span> <span class='ocrx_word' id='word_1_220' title='bbox 1670 2900 1969 2955; x_wconf 85' lang='lat' dir='ltr'><strong>remedium</strong></span> <span class='ocrx_word' id='word_1_221' title='bbox 1999 2902 2271 2973; x_wconf 79' lang='lat' dir='ltr'>vertiginis</span> <span class='ocrx_word' id='word_1_222' title='bbox 2299 2918 2422 2969; x_wconf 79' lang='lat' dir='ltr'>sug·</span> 
     </span>
     <span class='ocr_line' id='line_1_25' title="bbox 266 2978 2422 3051; baseline 0 -20"><span class='ocrx_word' id='word_1_223' title='bbox 266 2978 418 3032; x_wconf 81' lang='lat' dir='ltr'><strong>trita.</strong></span> <span class='ocrx_word' id='word_1_224' title='bbox 449 3004 472 3027; x_wconf 71' lang='grc'><em>·</em></span> <span class='ocrx_word' id='word_1_225' title='bbox 509 2980 691 3032; x_wconf 70' lang='grc' dir='ltr'><strong>ΗΑιιι).</strong></span> <span class='ocrx_word' id='word_1_226' title='bbox 1390 2979 1682 3051; x_wconf 81' lang='lat' dir='ltr'><strong>gerendum</strong></span> <span class='ocrx_word' id='word_1_227' title='bbox 1713 2993 1910 3051; x_wconf 76' lang='lat' dir='ltr'><strong>spectat</strong></span> <span class='ocrx_word' id='word_1_228' title='bbox 1939 2978 2085 3033; x_wconf 75' lang='lat' dir='ltr'>haud</span> <span class='ocrx_word' id='word_1_229' title='bbox 2122 2979 2284 3033; x_wconf 88' lang='lat' dir='ltr'>dubie</span> <span class='ocrx_word' id='word_1_230' title='bbox 2313 2980 2422 3031; x_wconf 78' lang='lat' dir='ltr'>haec</span> 
     </span>
     <span class='ocr_line' id='line_1_26' title="bbox 352 3058 2420 3132; baseline 0 -21"><span class='ocrx_word' id='word_1_231' title='bbox 352 3078 381 3111; x_wconf 65' lang='grc' dir='ltr'>α</span> <span class='ocrx_word' id='word_1_232' title='bbox 396 3078 421 3113; x_wconf 88' lang='lat'>1</span> <span class='ocrx_word' id='word_1_233' title='bbox 437 3098 449 3111; x_wconf 89' lang='lat'><strong>.</strong></span> <span class='ocrx_word' id='word_1_234' title='bbox 466 3060 703 3112; x_wconf 77' lang='lat' dir='ltr'>Auribus.</span> <span class='ocrx_word' id='word_1_235' title='bbox 719 3058 896 3111; x_wconf 81' lang='lat' dir='ltr'><strong>Dioec.</strong></span> <span class='ocrx_word' id='word_1_236' title='bbox 920 3058 1005 3110; x_wconf 87' lang='lat' dir='ltr'>m</span> <span class='ocrx_word' id='word_1_237' title='bbox 1021 3090 1036 3117; x_wconf 88' lang='lat'><strong>,</strong></span> <span class='ocrx_word' id='word_1_238' title='bbox 1061 3063 1125 3120; x_wconf 71' lang='lat'>41</span> <span class='ocrx_word' id='word_1_239' title='bbox 1144 3095 1161 3119; x_wconf 84' lang='lat'><strong>,</strong></span> <span class='ocrx_word' id='word_1_240' title='bbox 1182 3076 1306 3109; x_wconf 90' lang='lat' dir='ltr'>cum</span> <span class='ocrx_word' id='word_1_241' title='bbox 1387 3058 1647 3132; x_wconf 86' lang='lat' dir='ltr'>loquendi</span> <span class='ocrx_word' id='word_1_242' title='bbox 1671 3060 1917 3113; x_wconf 79' lang='lat' dir='ltr'>formula.</span> <span class='ocrx_word' id='word_1_243' title='bbox 1938 3058 2170 3120; x_wconf 87' lang='lat' dir='ltr'><strong>Deinde,</strong></span> <span class='ocrx_word' id='word_1_244' title='bbox 2201 3077 2273 3111; x_wconf 87' lang='lat' dir='ltr'>ne</span> <span class='ocrx_word' id='word_1_245' title='bbox 2300 3060 2420 3129; x_wconf 81' lang='lat' dir='ltr'>quis</span> 
     </span>
    </p>
   </div>
   <div class='ocr_carea' id='block_1_4' title="bbox 265 3126 2424 3209">
    <p class='ocr_par' dir='ltr' id='par_1_6' title="bbox 265 3126 2424 3209">
     <span class='ocr_line' id='line_1_27' title="bbox 265 3126 2424 3209; baseline 0 -20"><span class='ocrx_word' id='word_1_246' title='bbox 265 3138 465 3191; x_wconf 74' lang='lat' dir='ltr'>mulsa:</span> <span class='ocrx_word' id='word_1_247' title='bbox 496 3126 771 3209; x_wconf 67' lang='grc' dir='ltr'><strong>ὁταλγίαις</strong></span> <span class='ocrx_word' id='word_1_248' title='bbox 794 3134 856 3190; x_wconf 73' lang='grc' dir='ltr'>δὲ</span> <span class='ocrx_word' id='word_1_249' title='bbox 884 3140 908 3191; x_wconf 85' lang='grc' dir='ltr'>ὁ</span> <span class='ocrx_word' id='word_1_250' title='bbox 938 3139 1080 3206; x_wconf 82' lang='grc' dir='ltr'>χυλὸς</span> <span class='ocrx_word' id='word_1_251' title='bbox 1103 3137 1187 3189; x_wconf 73' lang='grc' dir='ltr'>σὺν</span> <span class='ocrx_word' id='word_1_252' title='bbox 1218 3157 1307 3207; x_wconf 67' lang='lat' dir='ltr'>pu-</span> <span class='ocrx_word' id='word_1_253' title='bbox 1390 3152 1591 3193; x_wconf 86' lang='lat' dir='ltr'><strong>temere</strong></span> <span class='ocrx_word' id='word_1_254' title='bbox 1617 3139 1916 3191; x_wconf 80' lang='lat' dir='ltr'><strong>Varronem</strong></span> <span class='ocrx_word' id='word_1_255' title='bbox 1953 3156 1984 3190; x_wconf 77' lang='lat' dir='ltr'><strong>a</strong></span> <span class='ocrx_word' id='word_1_256' title='bbox 2015 3138 2172 3191; x_wconf 78' lang='lat' dir='ltr'>nobis</span> <span class='ocrx_word' id='word_1_257' title='bbox 2203 3138 2311 3191; x_wconf 84' lang='lat' dir='ltr'>huc</span> <span class='ocrx_word' id='word_1_258' title='bbox 2340 3139 2424 3190; x_wconf 86' lang='lat' dir='ltr'>in-</span> 
     </span>
    </p>
   </div>
   <div class='ocr_carea' id='block_1_5' title="bbox 266 3215 1307 3846">
    <p class='ocr_par' dir='ltr' id='par_1_7' title="bbox 266 3215 1307 3363">
     <span class='ocr_line' id='line_1_28' title="bbox 266 3215 1307 3290; baseline -0.001 -22"><span class='ocrx_word' id='word_1_259' title='bbox 266 3218 483 3290; x_wconf 73' lang='grc' dir='ltr'><strong>λυιράτῳ</strong></span> <span class='ocrx_word' id='word_1_260' title='bbox 522 3219 707 3290; x_wconf 67' lang='grc' dir='ltr'><strong>ἀρῆγιι.</strong></span> <span class='ocrx_word' id='word_1_261' title='bbox 738 3218 877 3270; x_wconf 80' lang='lat' dir='ltr'><strong>Plin.</strong></span> <span class='ocrx_word' id='word_1_262' title='bbox 910 3218 1091 3272; x_wconf 70' lang='lat' dir='ltr'><strong>Valer-</strong></span> <span class='ocrx_word' id='word_1_263' title='bbox 1118 3215 1307 3269; x_wconf 75' lang='lat' dir='ltr'>simili-</span> 
     </span>
     <span class='ocr_line' id='line_1_29' title="bbox 271 3295 1176 3363; baseline -0.001 -15"><span class='ocrx_word' id='word_1_264' title='bbox 271 3308 383 3363; x_wconf 82' lang='lat' dir='ltr'><strong>ter,</strong></span> <span class='ocrx_word' id='word_1_265' title='bbox 411 3299 517 3363; x_wconf 83' lang='lat' dir='ltr'>IV,</span> <span class='ocrx_word' id='word_1_266' title='bbox 548 3300 602 3353; x_wconf 88' lang='grc'>3.</span> <span class='ocrx_word' id='word_1_267' title='bbox 636 3301 705 3351; x_wconf 77' lang='lat' dir='ltr'>At</span> <span class='ocrx_word' id='word_1_268' title='bbox 728 3298 884 3350; x_wconf 74' lang='lat' dir='ltr'><strong>MSS.</strong></span> <span class='ocrx_word' id='word_1_269' title='bbox 913 3298 1080 3349; x_wconf 69' lang='lat' dir='ltr'>multo·</span> <span class='ocrx_word' id='word_1_270' title='bbox 1108 3295 1176 3348; x_wconf 78' lang='lat' dir='ltr'><strong>H.</strong></span> 
     </span>
    </p>

    <p class='ocr_par' dir='ltr' id='par_1_8' title="bbox 272 3375 1306 3519">
     <span class='ocr_line' id='line_1_30' title="bbox 349 3375 1306 3432; baseline -0.003 -1"><span class='ocrx_word' id='word_1_271' title='bbox 349 3398 444 3432; x_wconf 65' lang='grc' dir='ltr'>αα.</span> <span class='ocrx_word' id='word_1_272' title='bbox 489 3376 684 3431; x_wconf 71' lang='lat' dir='ltr'>Arida.</span> <span class='ocrx_word' id='word_1_273' title='bbox 730 3378 858 3431; x_wconf 73' lang='lat' dir='ltr'>Hoec</span> <span class='ocrx_word' id='word_1_274' title='bbox 900 3375 1087 3430; x_wconf 77' lang='lat' dir='ltr'>iisdem</span> <span class='ocrx_word' id='word_1_275' title='bbox 1128 3375 1306 3428; x_wconf 82' lang='lat' dir='ltr'>verbis</span> 
     </span>
     <span class='ocr_line' id='line_1_31' title="bbox 272 3454 1023 3519; baseline 0.005 -13"><span class='ocrx_word' id='word_1_276' title='bbox 272 3454 414 3511; x_wconf 73' lang='lat' dir='ltr'><strong>Plin.</strong></span> <span class='ocrx_word' id='word_1_277' title='bbox 446 3457 572 3512; x_wconf 77' lang='lat' dir='ltr'><strong>val.</strong></span> <span class='ocrx_word' id='word_1_278' title='bbox 599 3458 699 3519; x_wconf 87' lang='lat' dir='ltr'>lv,</span> <span class='ocrx_word' id='word_1_279' title='bbox 725 3457 813 3509; x_wconf 72' lang='lat'><strong>23.</strong></span> <span class='ocrx_word' id='word_1_280' title='bbox 840 3456 1023 3510; x_wconf 61' lang='lat' dir='ltr'>Hsnn.</span> 
     </span>
    </p>

    <p class='ocr_par' dir='ltr' id='par_1_9' title="bbox 273 3534 1304 3846">
     <span class='ocr_line' id='line_1_32' title="bbox 355 3534 1299 3602; baseline -0.002 -13"><span class='ocrx_word' id='word_1_281' title='bbox 355 3537 448 3591; x_wconf 78' lang='lat'><strong>23.</strong></span> <span class='ocrx_word' id='word_1_282' title='bbox 476 3536 690 3590; x_wconf 71' lang='lat' dir='ltr'><strong>Veneris.</strong></span> <span class='ocrx_word' id='word_1_283' title='bbox 720 3536 835 3590; x_wconf 82' lang='lat' dir='ltr'>Hoc</span> <span class='ocrx_word' id='word_1_284' title='bbox 861 3550 968 3602; x_wconf 79' lang='lat' dir='ltr'><strong>est,</strong></span> <span class='ocrx_word' id='word_1_285' title='bbox 993 3534 1299 3588; x_wconf 83' lang='lat' dir='ltr'>lumbricos.</span> 
     </span>
     <span class='ocr_line' id='line_1_33' title="bbox 274 3612 1301 3671; baseline 0.001 -5"><span class='ocrx_word' id='word_1_286' title='bbox 274 3614 411 3671; x_wconf 86' lang='lat' dir='ltr'><strong>Plin.</strong></span> <span class='ocrx_word' id='word_1_287' title='bbox 440 3617 564 3670; x_wconf 77' lang='lat' dir='ltr'><strong>Val.</strong></span> <span class='ocrx_word' id='word_1_288' title='bbox 598 3630 651 3670; x_wconf 88' lang='lat' dir='ltr'>et</span> <span class='ocrx_word' id='word_1_289' title='bbox 674 3617 851 3669; x_wconf 83' lang='lat' dir='ltr'>Diosc.</span> <span class='ocrx_word' id='word_1_290' title='bbox 887 3616 947 3670; x_wconf 85' lang='lat'>11.</span> <span class='ocrx_word' id='word_1_291' title='bbox 988 3634 1065 3669; x_wconf 92' lang='lat' dir='ltr'>cc.</span> <span class='ocrx_word' id='word_1_292' title='bbox 1089 3612 1301 3667; x_wconf 86' lang='lat' dir='ltr'><strong>Theod.</strong></span> 
     </span>
     <span class='ocr_line' id='line_1_34' title="bbox 273 3693 1304 3766; baseline -0.001 -20"><span class='ocrx_word' id='word_1_293' title='bbox 273 3694 431 3750; x_wconf 78' lang='lat' dir='ltr'>Prisc.</span> <span class='ocrx_word' id='word_1_294' title='bbox 448 3698 538 3761; x_wconf 88' lang='lat'>11,</span> <span class='ocrx_word' id='word_1_295' title='bbox 562 3698 621 3750; x_wconf 77' lang='lat' dir='ltr'><strong>P.</strong></span> <span class='ocrx_word' id='word_1_296' title='bbox 643 3715 670 3749; x_wconf 77' lang='lat'>2</span> <span class='ocrx_word' id='word_1_297' title='bbox 690 3734 707 3761; x_wconf 82' lang='lat'><strong>.,</strong></span> <span class='ocrx_word' id='word_1_298' title='bbox 728 3715 777 3749; x_wconf 92' lang='lat' dir='ltr'>c.</span> <span class='ocrx_word' id='word_1_299' title='bbox 807 3715 898 3766; x_wconf 88' lang='lat'>17,</span> <span class='ocrx_word' id='word_1_300' title='bbox 912 3707 1103 3748; x_wconf 75' lang='lat' dir='ltr'><strong>mentae</strong></span> <span class='ocrx_word' id='word_1_301' title='bbox 1117 3693 1304 3747; x_wconf 82' lang='lat' dir='ltr'>viridis</span> 
     </span>
     <span class='ocr_line' id='line_1_35' title="bbox 276 3771 1300 3846; baseline -0.005 -16"><span class='ocrx_word' id='word_1_302' title='bbox 276 3771 553 3830; x_wconf 80' lang='lat' dir='ltr'>decoctum</span> <span class='ocrx_word' id='word_1_303' title='bbox 580 3778 636 3829; x_wconf 91' lang='lat' dir='ltr'>iu</span> <span class='ocrx_word' id='word_1_304' title='bbox 670 3776 773 3829; x_wconf 89' lang='lat' dir='ltr'>hoc</span> <span class='ocrx_word' id='word_1_305' title='bbox 810 3775 989 3828; x_wconf 76' lang='lat' dir='ltr'>laudat</span> <span class='ocrx_word' id='word_1_306' title='bbox 1020 3776 1073 3827; x_wconf 90' lang='lat' dir='ltr'>iu</span> <span class='ocrx_word' id='word_1_307' title='bbox 1097 3773 1300 3846; x_wconf 79' lang='lat' dir='ltr'><strong>primis.</strong></span> 
     </span>
    </p>
   </div>
   <div class='ocr_carea' id='block_1_6' title="bbox 275 3848 1303 4318">
    <p class='ocr_par' dir='ltr' id='par_1_10' title="bbox 275 3848 453 3907">
     <span class='ocr_line' id='line_1_36' title="bbox 275 3848 453 3907; baseline 0 -1"><span class='ocrx_word' id='word_1_308' title='bbox 275 3848 453 3907; x_wconf 60' lang='lat' dir='ltr'>Han.</span> 
     </span>
    </p>

    <p class='ocr_par' dir='ltr' id='par_1_11' title="bbox 276 3933 1303 4318">
     <span class='ocr_line' id='line_1_37' title="bbox 348 3933 1303 4002; baseline 0 -17"><span class='ocrx_word' id='word_1_309' title='bbox 348 3934 497 3987; x_wconf 86' lang='lat' dir='ltr'><strong>LIV.</strong></span> <span class='ocrx_word' id='word_1_310' title='bbox 546 3952 570 3987; x_wconf 87' lang='lat'>1</span> <span class='ocrx_word' id='word_1_311' title='bbox 586 3974 599 3988; x_wconf 92' lang='lat'><strong>.</strong></span> <span class='ocrx_word' id='word_1_312' title='bbox 637 3934 730 3987; x_wconf 79' lang='lat' dir='ltr'>Ad</span> <span class='ocrx_word' id='word_1_313' title='bbox 768 3934 1048 3987; x_wconf 73' lang='lat' dir='ltr'><strong>recreandos</strong></span> <span class='ocrx_word' id='word_1_314' title='bbox 1095 3933 1303 4002; x_wconf 70' lang='lat' dir='ltr'><strong>desectas</strong></span> 
     </span>
     <span class='ocr_line' id='line_1_38' title="bbox 276 4014 1301 4085; baseline 0.001 -21"><span class='ocrx_word' id='word_1_315' title='bbox 276 4016 433 4065; x_wconf 79' lang='lat' dir='ltr'>animo</span> <span class='ocrx_word' id='word_1_316' title='bbox 458 4016 686 4085; x_wconf 69' lang='lat' dir='ltr'><strong>potegit»,</strong></span> <span class='ocrx_word' id='word_1_317' title='bbox 726 4028 828 4068; x_wconf 76' lang='lat' dir='ltr'><strong>etc.</strong></span> <span class='ocrx_word' id='word_1_318' title='bbox 866 4014 971 4066; x_wconf 86' lang='lat' dir='ltr'>Vel</span> <span class='ocrx_word' id='word_1_319' title='bbox 998 4014 1169 4068; x_wconf 82' lang='lat' dir='ltr'>solum</span> <span class='ocrx_word' id='word_1_320' title='bbox 1198 4032 1301 4083; x_wconf 87' lang='lat' dir='ltr'>pu·</span> 
     </span>
     <span class='ocr_line' id='line_1_39' title="bbox 277 4092 1303 4163; baseline 0.003 -20"><span class='ocrx_word' id='word_1_321' title='bbox 277 4092 467 4163; x_wconf 81' lang='lat' dir='ltr'>legium</span> <span class='ocrx_word' id='word_1_322' title='bbox 492 4094 707 4147; x_wconf 77' lang='lat' dir='ltr'>naribus</span> <span class='ocrx_word' id='word_1_323' title='bbox 727 4093 1010 4147; x_wconf 84' lang='lat' dir='ltr'>admotum</span> <span class='ocrx_word' id='word_1_324' title='bbox 1037 4113 1159 4147; x_wconf 88' lang='lat' dir='ltr'>cum</span> <span class='ocrx_word' id='word_1_325' title='bbox 1187 4110 1303 4147; x_wconf 78' lang='lat' dir='ltr'><strong>ace-</strong></span> 
     </span>
     <span class='ocr_line' id='line_1_40' title="bbox 280 4171 1302 4238; baseline 0.002 -16"><span class='ocrx_word' id='word_1_326' title='bbox 280 4183 359 4238; x_wconf 81' lang='lat' dir='ltr'>to,</span> <span class='ocrx_word' id='word_1_327' title='bbox 413 4171 651 4227; x_wconf 79' lang='lat' dir='ltr'><strong>desectos</strong></span> <span class='ocrx_word' id='word_1_328' title='bbox 682 4173 862 4226; x_wconf 80' lang='lat' dir='ltr'>animo</span> <span class='ocrx_word' id='word_1_329' title='bbox 897 4193 1165 4237; x_wconf 80' lang='lat' dir='ltr'><strong>recreare,</strong></span> <span class='ocrx_word' id='word_1_330' title='bbox 1208 4191 1302 4225; x_wconf 81' lang='lat' dir='ltr'>uu·</span> 
     </span>
     <span class='ocr_line' id='line_1_41' title="bbox 277 4254 1147 4318; baseline 0.001 -15"><span class='ocrx_word' id='word_1_331' title='bbox 277 4264 389 4305; x_wconf 83' lang='lat' dir='ltr'>ctor</span> <span class='ocrx_word' id='word_1_332' title='bbox 412 4266 487 4306; x_wconf 85' lang='lat' dir='ltr'>est</span> <span class='ocrx_word' id='word_1_333' title='bbox 506 4255 685 4307; x_wconf 85' lang='lat' dir='ltr'>Diosc.</span> <span class='ocrx_word' id='word_1_334' title='bbox 709 4254 819 4318; x_wconf 90' lang='lat'>111,</span> <span class='ocrx_word' id='word_1_335' title='bbox 848 4254 940 4307; x_wconf 85' lang='lat'><strong>36.</strong></span> <span class='ocrx_word' id='word_1_336' title='bbox 969 4255 1147 4307; x_wconf 62' lang='lat' dir='ltr'>Hanu.</span> 
     </span>
    </p>
   </div>
   <div class='ocr_carea' id='block_1_7' title="bbox 1388 3216 2429 4309">
    <p class='ocr_par' dir='ltr' id='par_1_12' title="bbox 1388 3216 2429 4309">
     <span class='ocr_line' id='line_1_42' title="bbox 1390 3216 2422 3289; baseline 0 -18"><span class='ocrx_word' id='word_1_337' title='bbox 1390 3230 1592 3271; x_wconf 78' lang='lat' dir='ltr'>sertum</span> <span class='ocrx_word' id='word_1_338' title='bbox 1631 3228 1813 3289; x_wconf 84' lang='lat' dir='ltr'><strong>putet,</strong></span> <span class='ocrx_word' id='word_1_339' title='bbox 1843 3217 1900 3269; x_wconf 86' lang='lat' dir='ltr'>in</span> <span class='ocrx_word' id='word_1_340' title='bbox 1941 3217 2063 3288; x_wconf 78' lang='lat' dir='ltr'>ipso</span> <span class='ocrx_word' id='word_1_341' title='bbox 2101 3218 2260 3289; x_wconf 81' lang='lat' dir='ltr'>hujus</span> <span class='ocrx_word' id='word_1_342' title='bbox 2294 3216 2422 3271; x_wconf 85' lang='lat' dir='ltr'>libri</span> 
     </span>
     <span class='ocr_line' id='line_1_43' title="bbox 1391 3295 2421 3369; baseline -0.001 -19"><span class='ocrx_word' id='word_1_343' title='bbox 1391 3295 1575 3350; x_wconf 87' lang='lat' dir='ltr'>Indice</span> <span class='ocrx_word' id='word_1_344' title='bbox 1592 3338 1608 3361; x_wconf 88' lang='lat'><em>,</em></span> <span class='ocrx_word' id='word_1_345' title='bbox 1656 3298 1800 3350; x_wconf 86' lang='lat' dir='ltr'><strong>inter</strong></span> <span class='ocrx_word' id='word_1_346' title='bbox 1845 3296 2049 3367; x_wconf 84' lang='lat' dir='ltr'>primos</span> <span class='ocrx_word' id='word_1_347' title='bbox 2101 3297 2421 3369; x_wconf 79' lang='lat' dir='ltr'><strong>appellatur.</strong></span> 
     </span>
     <span class='ocr_line' id='line_1_44' title="bbox 1391 3375 2422 3447; baseline 0.001 -18"><span class='ocrx_word' id='word_1_348' title='bbox 1391 3378 1461 3429; x_wconf 79' lang='lat' dir='ltr'>Et</span> <span class='ocrx_word' id='word_1_349' title='bbox 1485 3379 1689 3447; x_wconf 81' lang='lat' dir='ltr'>justum</span> <span class='ocrx_word' id='word_1_350' title='bbox 1717 3375 1820 3429; x_wconf 85' lang='lat' dir='ltr'>hoc</span> <span class='ocrx_word' id='word_1_351' title='bbox 1846 3377 1965 3429; x_wconf 88' lang='lat' dir='ltr'>loco</span> <span class='ocrx_word' id='word_1_352' title='bbox 1995 3394 2056 3429; x_wconf 79' lang='lat' dir='ltr'><strong>ec</strong></span> <span class='ocrx_word' id='word_1_353' title='bbox 2080 3395 2267 3429; x_wconf 81' lang='lat' dir='ltr'><strong>verum</strong></span> <span class='ocrx_word' id='word_1_354' title='bbox 2289 3377 2390 3430; x_wconf 77' lang='lat' dir='ltr'>fuit</span> <span class='ocrx_word' id='word_1_355' title='bbox 2407 3416 2422 3442; x_wconf 87' lang='lat'><strong>,</strong></span> 
     </span>
     <span class='ocr_line' id='line_1_45' title="bbox 1390 3454 2422 3527; baseline -0.001 -18"><span class='ocrx_word' id='word_1_356' title='bbox 1390 3469 1657 3510; x_wconf 76' lang='lat' dir='ltr'>auctorem</span> <span class='ocrx_word' id='word_1_357' title='bbox 1686 3474 1807 3508; x_wconf 90' lang='lat' dir='ltr'>eum</span> <span class='ocrx_word' id='word_1_358' title='bbox 1832 3456 1925 3527; x_wconf 86' lang='lat' dir='ltr'>qui</span> <span class='ocrx_word' id='word_1_359' title='bbox 1948 3454 2246 3527; x_wconf 77' lang='lat' dir='ltr'>digniorem</span> <span class='ocrx_word' id='word_1_360' title='bbox 2270 3476 2300 3509; x_wconf 94' lang='lat' dir='ltr'>e</span> <span class='ocrx_word' id='word_1_361' title='bbox 2319 3476 2422 3527; x_wconf 89' lang='lat' dir='ltr'>pu-</span> 
     </span>
     <span class='ocr_line' id='line_1_46' title="bbox 1391 3536 2422 3607; baseline 0.001 -19"><span class='ocrx_word' id='word_1_362' title='bbox 1391 3536 1532 3607; x_wconf 78' lang='lat' dir='ltr'><strong>legio</strong></span> <span class='ocrx_word' id='word_1_363' title='bbox 1576 3553 1859 3603; x_wconf 74' lang='lat' dir='ltr'>coronam,</span> <span class='ocrx_word' id='word_1_364' title='bbox 1888 3554 2048 3607; x_wconf 74' lang='lat' dir='ltr'><strong>quem</strong></span> <span class='ocrx_word' id='word_1_365' title='bbox 2086 3554 2117 3588; x_wconf 92' lang='lat' dir='ltr'>e</span> <span class='ocrx_word' id='word_1_366' title='bbox 2150 3554 2272 3590; x_wconf 77' lang='lat' dir='ltr'>rosa</span> <span class='ocrx_word' id='word_1_367' title='bbox 2293 3555 2422 3607; x_wconf 87' lang='lat' dir='ltr'><strong>pro·</strong></span> 
     </span>
     <span class='ocr_line' id='line_1_47' title="bbox 1388 3613 2422 3687; baseline 0.002 -20"><span class='ocrx_word' id='word_1_368' title='bbox 1388 3616 1680 3669; x_wconf 72' lang='lat' dir='ltr'>nuntiasset</span> <span class='ocrx_word' id='word_1_369' title='bbox 1695 3655 1708 3675; x_wconf 93' lang='lat'><strong>.</strong></span> <span class='ocrx_word' id='word_1_370' title='bbox 1731 3616 2040 3687; x_wconf 71' lang='lat' dir='ltr'><strong>appellasse.</strong></span> <span class='ocrx_word' id='word_1_371' title='bbox 2063 3613 2130 3668; x_wconf 88' lang='lat' dir='ltr'>Id</span> <span class='ocrx_word' id='word_1_372' title='bbox 2152 3634 2278 3669; x_wconf 79' lang='lat' dir='ltr'><strong>vero</strong></span> <span class='ocrx_word' id='word_1_373' title='bbox 2301 3617 2422 3669; x_wconf 89' lang='lat' dir='ltr'>obi-</span> 
     </span>
     <span class='ocr_line' id='line_1_48' title="bbox 1390 3693 2421 3767; baseline 0 -19"><span class='ocrx_word' id='word_1_374' title='bbox 1390 3706 1472 3749; x_wconf 81' lang='lat' dir='ltr'>ter</span> <span class='ocrx_word' id='word_1_375' title='bbox 1494 3714 1712 3767; x_wconf 73' lang='lat' dir='ltr'>quoque</span> <span class='ocrx_word' id='word_1_376' title='bbox 1731 3693 2262 3749; x_wconf 77' lang='lat' dir='ltr'><strong>animadvertendum</strong></span> <span class='ocrx_word' id='word_1_377' title='bbox 2279 3736 2294 3762; x_wconf 85' lang='lat'><strong>,</strong></span> <span class='ocrx_word' id='word_1_378' title='bbox 2311 3714 2421 3749; x_wconf 85' lang='lat' dir='ltr'>uon</span> 
     </span>
     <span class='ocr_line' id='line_1_49' title="bbox 1391 3773 2419 3847; baseline -0.002 -19"><span class='ocrx_word' id='word_1_379' title='bbox 1391 3775 1664 3847; x_wconf 77' lang='lat' dir='ltr'><strong>pulegium</strong></span> <span class='ocrx_word' id='word_1_380' title='bbox 1688 3776 1942 3841; x_wconf 79' lang='lat' dir='ltr'><strong>Veteres,</strong></span> <span class='ocrx_word' id='word_1_381' title='bbox 1977 3773 2071 3829; x_wconf 78' lang='lat' dir='ltr'>sed</span> <span class='ocrx_word' id='word_1_382' title='bbox 2101 3776 2292 3829; x_wconf 79' lang='lat' dir='ltr'><strong>extrita</strong></span> <span class='ocrx_word' id='word_1_383' title='bbox 2332 3775 2419 3827; x_wconf 85' lang='lat' dir='ltr'>lit-</span> 
     </span>
     <span class='ocr_line' id='line_1_50' title="bbox 1396 3855 2422 3927; baseline -0.002 -19"><span class='ocrx_word' id='word_1_384' title='bbox 1396 3868 1505 3909; x_wconf 79' lang='lat' dir='ltr'><strong>tera</strong></span> <span class='ocrx_word' id='word_1_385' title='bbox 1535 3875 1600 3926; x_wconf 74' lang='lat' dir='ltr'>g,</span> <span class='ocrx_word' id='word_1_386' title='bbox 1641 3856 1852 3927; x_wconf 78' lang='lat' dir='ltr'>puleium</span> <span class='ocrx_word' id='word_1_387' title='bbox 1898 3856 2096 3927; x_wconf 86' lang='lat' dir='ltr'>ubique</span> <span class='ocrx_word' id='word_1_388' title='bbox 2137 3855 2422 3926; x_wconf 75' lang='lat' dir='ltr'>scripsisse.</span> 
     </span>
     <span class='ocr_line' id='line_1_51' title="bbox 1392 3932 2424 4007; baseline 0 -20"><span class='ocrx_word' id='word_1_389' title='bbox 1392 3935 1550 3989; x_wconf 78' lang='lat' dir='ltr'><strong>Mart.</strong></span> <span class='ocrx_word' id='word_1_390' title='bbox 1579 3937 1688 3989; x_wconf 89' lang='lat' dir='ltr'>XII</span> <span class='ocrx_word' id='word_1_391' title='bbox 1705 3974 1720 3995; x_wconf 91' lang='lat'>‚</span> <span class='ocrx_word' id='word_1_392' title='bbox 1755 3955 1842 4007; x_wconf 80' lang='lat' dir='ltr'>ep.</span> <span class='ocrx_word' id='word_1_393' title='bbox 1861 3953 2044 3989; x_wconf 82' lang='lat' dir='ltr'>xxxn:</span> <span class='ocrx_word' id='word_1_394' title='bbox 2082 3961 2105 3983; x_wconf 77' lang='grc' dir='ltr'>ι</span> <span class='ocrx_word' id='word_1_395' title='bbox 2124 3932 2424 4000; x_wconf 72' lang='lat' dir='ltr'>Quadrima</span> 
     </span>
     <span class='ocr_line' id='line_1_52' title="bbox 1392 4013 2360 4087; baseline -0.003 -19"><span class='ocrx_word' id='word_1_396' title='bbox 1392 4016 1531 4087; x_wconf 78' lang='lat' dir='ltr'>nigri</span> <span class='ocrx_word' id='word_1_397' title='bbox 1560 4034 1662 4068; x_wconf 91' lang='lat' dir='ltr'><strong>nec</strong></span> <span class='ocrx_word' id='word_1_398' title='bbox 1691 4033 1886 4068; x_wconf 81' lang='lat' dir='ltr'>corona</span> <span class='ocrx_word' id='word_1_399' title='bbox 1915 4015 2097 4086; x_wconf 88' lang='lat' dir='ltr'><strong>puleii.</strong></span> <span class='ocrx_word' id='word_1_400' title='bbox 2121 4040 2143 4059; x_wconf 83' lang='grc' dir='ltr'>ι-</span> <span class='ocrx_word' id='word_1_401' title='bbox 2176 4013 2360 4066; x_wconf 64' lang='grc' dir='ltr'>Ηιιιο.</span> 
     </span>
     <span class='ocr_line' id='line_1_53' title="bbox 1477 4094 2421 4165; baseline -0.005 -17"><span class='ocrx_word' id='word_1_402' title='bbox 1477 4102 1528 4159; x_wconf 69' lang='lat'><strong>4.</strong></span> <span class='ocrx_word' id='word_1_403' title='bbox 1562 4096 1821 4147; x_wconf 76' lang='lat' dir='ltr'>Cubiceelis.</span> <span class='ocrx_word' id='word_1_404' title='bbox 1851 4095 1916 4146; x_wconf 86' lang='lat' dir='ltr'>In</span> <span class='ocrx_word' id='word_1_405' title='bbox 1944 4094 2169 4165; x_wconf 67' lang='lat' dir='ltr'>quibua,</span> <span class='ocrx_word' id='word_1_406' title='bbox 2193 4105 2254 4145; x_wconf 83' lang='lat' dir='ltr'>ut</span> <span class='ocrx_word' id='word_1_407' title='bbox 2277 4111 2421 4145; x_wconf 84' lang='lat' dir='ltr'>nunc</span> 
     </span>
     <span class='ocr_line' id='line_1_54' title="bbox 1392 4173 2428 4244; baseline -0.002 -17"><span class='ocrx_word' id='word_1_408' title='bbox 1392 4192 1610 4244; x_wconf 84' lang='lat' dir='ltr'>quoque</span> <span class='ocrx_word' id='word_1_409' title='bbox 1628 4174 1714 4238; x_wconf 82' lang='lat' dir='ltr'>fit,</span> <span class='ocrx_word' id='word_1_410' title='bbox 1735 4174 1896 4227; x_wconf 73' lang='lat' dir='ltr'>clavis</span> <span class='ocrx_word' id='word_1_411' title='bbox 1915 4173 2264 4244; x_wconf 74' lang='lat' dir='ltr'>alligabantur</span> <span class='ocrx_word' id='word_1_412' title='bbox 2285 4190 2428 4225; x_wconf 70' lang='lat' dir='ltr'><strong>acer·</strong></span> 
     </span>
     <span class='ocr_line' id='line_1_55' title="bbox 1396 4250 2429 4309; baseline 0.004 -4"><span class='ocrx_word' id='word_1_413' title='bbox 1396 4255 1447 4305; x_wconf 80' lang='lat' dir='ltr'>vi</span> <span class='ocrx_word' id='word_1_414' title='bbox 1478 4252 1671 4306; x_wconf 83' lang='lat' dir='ltr'>florum</span> <span class='ocrx_word' id='word_1_415' title='bbox 1697 4266 1749 4305; x_wconf 90' lang='lat' dir='ltr'>et</span> <span class='ocrx_word' id='word_1_416' title='bbox 1771 4252 2062 4306; x_wconf 76' lang='lat' dir='ltr'>herbarum</span> <span class='ocrx_word' id='word_1_417' title='bbox 2087 4250 2429 4309; x_wconf 72' lang='lat' dir='ltr'><strong>odoretarmn</strong></span> 
     </span>
    </p>
   </div>
  </div>
 </body>
</html>
