3150 5150
934 484 1254 553 LIBER
1307 485 1523 559 XIX.
2167 481 2306 556 363

159 618 552 701 transirent,
598 640 735 685 uno
780 631 1090 710 portante
1136 614 1629 691 multitudinem
1675 643 1806 713 qua
1838 617 2042 688 saltus
2088 622 2308 714 cinge·

161 739 385 795 rentur
417 718 576 814 (nec
607 722 675 791 id
712 724 999 795 maxime
1030 724 1271 792 mirum
1290 776 1308 807 ,
1330 723 1449 794 sed
1476 724 1733 819 singula
1771 749 2002 795 earum
2032 728 2311 800 stamina

165 845 445 904 centeno
512 832 987 950 quinquageno
1041 828 1155 900 filo
1200 822 1565 923 constare)
1627 860 1643 902 :
1689 834 1863 903 sicut
1917 831 2116 926 paulo
2159 849 2314 902 ante

162 937 327 1014 Iulio
365 941 611 1032 Lupo
642 939 756 1031 qui
788 938 856 1005 in
885 936 1279 1031 praefeotura
1306 937 1575 1036 AEgypti
1604 940 1786 1009 obiit.
1814 939 2149 1008 Miremur
2182 940 2314 1011 hoc

165 1048 545 1138 ignorantes
592 1045 660 1115 in
692 1044 982 1177 AEgyptii
1027 1043 1365 1137 quondam
1397 1048 1604 1141 regis,
1631 1071 1831 1140 quem
1860 1046 2152 1115 Amasim
2196 1071 2310 1115 vo·

167 1168 350 1239 cant,
385 1140 739 1221 thorace²⁸
745 1205 764 1234 ,
822 1152 891 1220 in
944 1150 1362 1228 Rhodiorum
1403 1151 1616 1225 insula
1663 1152 1971 1223 ostendi
1954 1178 2022 1221 1n
2065 1152 2314 1250 templo

168 1261 523 1343 Minervae,
559 1281 834 1329 cccnxv
864 1256 990 1327 filis
1028 1256 1286 1352 singula
1322 1256 1432 1327 fila
1471 1275 1834 1332 constare·
1882 1259 2062 1354 quod
2093 1285 2163 1329 se
2194 1286 2315 1329 ex-

169 1381 428 1460 pertum
468 1365 517 1402 ²⁹
558 1389 774 1460 nuper
828 1366 1063 1434 Romae
1129 1364 1425 1460 prodidit
1468 1369 1816 1437 Mutianus
1879 1380 1984 1435 ter
2047 1366 2314 1453 consul,

170 1497 540 1567 parvasque
565 1472 704 1565 jam
743 1470 1049 1566 reliquias
1091 1471 1233 1566 ejus
1275 1495 1620 1566 superesse
1663 1474 1791 1544 hac
1837 1475 2313 1569 experientium

172 1582 427 1673 injuria.
472 1576 662 1647 ltalia
706 1593 773 1647 et
808 1577 1093 1672 Pelignis
1130 1579 1495 1649 etiamnum
1532 1580 1679 1650 linis
1709 1581 2038 1650 honorem
2069 1581 2317 1666 habet,

174 1687 280 1755 sed
322 1685 659 1755 fullonum
707 1700 969 1754 tantum
1021 1687 1089 1752 in
1137 1670 1325 1753 usu³⁰
1373 1709 1387 1750 :
1447 1686 1705 1757 nullum
1758 1702 1855 1756 est
1928 1687 2318 1769 candidiuS‚

176 1793 418 1866 lanaeve
459 1790 767 1879 similius;
808 1794 979 1861 sicut
1007 1793 1077 1861 in
1103 1777 1421 1864 culcitis³
1452 1798 1876 1889 praecipuam
1872 1793 2164 1888 ffglouam
2190 1797 2318 1865 Ca·

176 1901 354 1970 durci
401 1900 731 1969 obtinent.
777 1897 1144 1968 Galliarum
1202 1884 1396 1967 hoc³²
1404 1954 1423 1985 ‚
1468 1916 1532 1970 et
1573 1916 1871 1970 tomenta
1908 1902 2185 1996 pariter,
2223 1902 2318 1968 in·

180 2022 471 2076 ventum.
501 2004 711 2075 Italiae
740 2005 1006 2099 quidem
1040 1990 1221 2074 mos³
1226 1991 1487 2077 ³etiam
1533 2033 1714 2078 nunc
1759 2007 2004 2078 durat
1989 2033 2058 2074 ιη
2095 2006 2320 2104 appel-

181 2112 420 2183 latione
459 2112 826 2183 stramenti.

178 2254 388 2305 anulum
409 2252 731 2305 transibant:
748 2251 925 2323 itaque
940 2251 1091 2304 nullo
1113 2269 1208 2303 ne·

177 2334 308 2402 gotio
338 2333 427 2385 vel
457 2350 596 2384 unus
619 2331 785 2384 homo
811 2331 1035 2384 cassium
1058 2332 1203 2383 mul-

181 2413 387 2465 titudini
418 2410 684 2483 gestando
710 2430 808 2483 par
830 2412 957 2470 fnit,
980 2431 1084 2483 qua
1109 2412 1205 2464 sal·

181 2506 254 2545 tus
296 2495 509 2564 integer
561 2492 896 2561 cingeretur,
932 2504 994 2544 ut
1030 2492 1206 2544 Julius

181 2574 351 2645 Lupus
375 2573 523 2626 fecit.
543 2569 724 2624 Ham).

254 2658 344 2708 28.
395 2655 633 2706 Thorace.
668 2653 934 2706 Th0races
972 2653 1206 2705 militum

183 2736 338 2786 lineos
363 2735 499 2787 olim
535 2733 694 2785 fuisse
717 2735 911 2805 probat
932 2732 1019 2784 hic
1050 2733 1208 2786 Alcaei

186 2833 354 2867 versus
381 2812 530 2885 apud
557 2814 871 2866 Athenaeum
889 2854 904 2877 ,
934 2831 1049 2884 pag.
1078 2814 1208 2877 310,

183 2895 454 2964 θώςικέςτε
478 2894 689 2946 udat-oet
705 2933 721 2958 ,
740 2912 803 2946 ex
826 2911 1075 2963 novoque
1097 2892 1207 2945 lino

186 2975 429 3028 thoraces.
462 2975 667 3026 Dium.

257 3076 348 3126 29.
376 3055 532 3124 Quod
553 3074 604 3104 se
622 3065 881 3124 expertum.
913 3054 1038 3106 Vet.
1062 3050 1208 3123 apud

187 3135 351 3189 Dalec.
367 3134 775 3209 qwdeaeemplum
785 3153 876 3202 per
891 3153 943 3184 se
965 3154 1007 3186 e.
1033 3153 1083 3185 n.
1100 3134 1204 3185 En.

256 3216 343 3270 30.
374 3213 638 3267 falconum
666 3226 852 3266 tantum
884 3217 932 3264 in
968 3233 1075 3266 usu.
1104 3214 1207 3265 Vel

186 3297 317 3364 quod
364 3295 599 3349 fullones
646 3295 739 3366 qui
782 3294 893 3347 fere
936 3292 1068 3346 nudi
1091 3326 1107 3351 2
1155 3307 1208 3346 et

186 3377 429 3429 subucula
470 3375 611 3428 linea
643 3386 848 3428 tantum
895 3375 1018 3426 tecti
1038 3412 1052 3433 ,
1080 3392 1211 3445 pan-

189 3473 273 3507 nos
316 3467 500 3509 terunt
528 3466 581 3506 et
608 3452 813 3506 calcant
855 3453 1110 3524 pedibus,
1144 3473 1209 3507 eo

190 3534 286 3586 lino
303 3537 402 3589 soli
422 3533 490 3587 ad
509 3532 715 3588 indusia
736 3533 1067 3587 conficienda
1093 3546 1207 3586 ute-

189 3629 388 3680 rentur,
416 3615 504 3668 vel
534 3613 678 3686 quod
707 3634 769 3667 ex
799 3633 863 3665 eo
901 3614 1013 3667 lino
1043 3626 1211 3666 vestes

192 3707 326 3748 textae
354 3698 411 3748 in
432 3693 912 3748 fulloniisofficinis
936 3695 1059 3746 solae
1080 3712 1211 3764 pur·

191 3790 426 3844 gar-entur
451 3788 506 3828 et
539 3775 858 3845 polirentur.
894 3776 1211 3842 Datne.—

193 3857 427 3927 Autquia
452 3874 518 3908 ex
540 3872 603 3907 eo
626 3854 738 3907 lino
761 3855 977 3907 culcitas
995 3855 1212 3906 concin-

193 3936 371 3987 nabant
411 3932 432 3996 (
461 3931 780 3997 fullones),
815 3935 1213 4006 opplebantque

195 4012 372 4068 deinde
403 4016 685 4079 stramine,
718 4033 814 4067 seu
856 4027 1109 4067 tomento,
1143 4013 1210 4066 H.

268 4094 356 4148 31.
385 4095 607 4148 Culce‘eis.
637 4096 880 4148 Gronov,
908 4108 963 4146 et
994 4095 1063 4147 al.
1090 4106 1212 4145 ante

201 4174 347 4227 Hard.
382 4177 611 4227 calciet-125.
648 4177 753 4227 En.

1374 2252 1469 2305 32.
1494 2252 1775 2305 Galliarum
1794 2254 1882 2305 hoc
1897 2292 1912 2317 ,
1931 2266 2028 2306 etc.
2054 2252 2324 2307 Nimirum

1292 2344 1590 2386 tomentum
1636 2334 1940 2404 Lin'gonum
1959 2374 1974 2398 ‚
2000 2334 2193 2387 culcita
2221 2334 2326 2388 Ca-

1292 2410 1583 2465 durcorum
1614 2413 1891 2465 inventum
1927 2413 2042 2465 fuit.
2068 2413 2229 2466 Unde
2251 2418 2325 2465 al-

1295 2505 1471 2547 terum
1502 2506 1757 2545 tomentum
1785 2494 2105 2563 Lingonicum
2128 2507 2180 2546 et
2200 2495 2322 2546 Lin-

1289 2580 1513 2644 gom'cum
1527 2586 1735 2626 stramen
1760 2571 1959 2628 dictum
1975 2586 2083 2641 est,
2109 2575 2190 2628 uti
2208 2595 2323 2628 mo·

1293 2655 1510 2707 unimus
1540 2655 1742 2716 LVIII,
1773 2674 1819 2707 c.
1852 2654 1956 2725 73,
1979 2674 2044 2707 ex
2071 2654 2324 2708 Martiali.

1294 2735 1557 2788 Culcitam
1595 2735 1816 2788 Veteres
1852 2735 2071 2787 nomine
2113 2735 2286 2808 gentis
2312 2774 2327 2799 ,

1295 2833 1412 2886 quoe
1453 2815 1683 2880 invenit,
1714 2813 2004 2867 cadurcum
2052 2833 2325 2867 vocavere.

1292 2896 1539 2948 Juvenal.
1564 2896 1672 2947 Sat.
1695 2913 1804 2954 vn,
1830 2915 1881 2946 v.
1908 2913 2008 2946 221
2043 2911 2054 2946 :
2079 2895 2329 2946 «Institor

1293 2977 1534 3028 hibernae
1549 2975 1759 3045 tegetis,
1786 2974 2033 3045 niveique
2054 2972 2285 3026 cadurci.
2299 3001 2320 3019 ι·

1295 3055 1589 3127 Idemque,
1630 3055 1740 3107 Sat:
1771 3073 1860 3117 vr,
1901 3072 1953 3105 v.
1988 3052 2097 3106 535
2128 3071 2140 3104 :
2173 3080 2194 3099 ι
2219 3054 2329 3106 Ma-

1294 3154 1502 3207 gnaque
1535 3134 1760 3187 debetur
1806 3133 2002 3184 violato
2051 3151 2204 3203 poena
2238 3152 2329 3186 ca·

1295 3215 1484 3267 dureo.
1512 3241 1533 3262 ιι
1570 3212 1795 3284 Sulpitia
1829 3213 2032 3284 poetria
2066 3213 2122 3264 in
2152 3226 2330 3268 vetere

1297 3296 1678 3365 epigrammate
1705 3293 2171 3363 cadurqassascias,
2199 3313 2229 3346 e
2269 3294 2332 3345 li·

1298 3395 1371 3427 no
1394 3373 1687 3427 cadurcino
1707 3373 1890 3425 fascias
1919 3386 2086 3425 vocat.
2108 3372 2224 3425 «Ne
2244 3393 2330 3425 me

1297 3454 1540 3508 cadurcis
1567 3451 1875 3506 destitutam
1907 3454 2081 3506 fasciis
2113 3452 2329 3506 Nudam

1298 3536 1498 3589 Caleno
1522 3534 1908 3587 concubantem
1933 3533 2185 3607 proferat.
2215 3561 2235 3581 ι
2263 3533 2330 3587 Η.

1382 3615 1474 3668 33.
1504 3615 1670 3666 Italioe
1700 3615 1886 3687 quidem
1912 3635 2027 3666 mos.
2073 3616 2150 3666 Ita
2175 3614 2329 3666 MSS.

1300 3695 1587 3749 Salmasius
1616 3695 1671 3746 in
1700 3694 1868 3747 Solin.
1898 3714 2017 3771 pag.
2052 3695 2163 3761 938
2183 3733 2199 3755 ,
2234 3714 2333 3744 oms:

1298 3776 1435 3849 legi,
1481 3795 1589 3827 non
1620 3795 1717 3826 mos
1740 3777 1908 3846 jubet.
1953 3775 2187 3826 Frustra.
2223 3774 2333 3837 Qui

1300 3876 1416 3909 mos
1443 3857 1607 3908 fuerit
1634 3857 1885 3927 antiquus
1925 3855 2088 3906 Italiae
2110 3893 2124 3914 ,
2156 3852 2333 3923 inquit

1301 3947 1516 4000 auctor,
1540 3936 1627 3986 vel
1657 3954 1719 3987 ex
1749 3933 2059 4006 quotidiano
2083 3951 2332 3983 sermone

1302 4017 1476 4088 palam
1504 4029 1583 4068 est
1614 4033 1627 4067 :
1663 4034 1785 4067 nam
1820 4027 1996 4067 torum
2030 4013 2213 4063 saltem
2248 4031 2334 4063 ca-

1303 4110 1560 4148 strensem
1604 4093 1766 4163 vulgo
1795 4104 2144 4151 stramentum
2177 4110 2335 4144 voca-

1303 4182 1452 4239 nfus,
1474 4174 1729 4245 quoniam
1754 4212 1765 4233 ,
1798 4185 1856 4224 ut
1897 4171 2100 4224 dictum
2133 4184 2208 4224 est
2239 4171 2331 4223 lib.
