3150 5150
826 435 964 534 590
1372 437 1449 504 e.
1501 435 1842 506 PLINII
1891 435 2112 504 NAT.
2167 437 2418 505 msr.

822 587 1127 668 praestat,
1162 571 1431 666 quando
1467 569 1533 638 id
1576 591 1842 664 quoque
1885 570 2056 637 inter
2095 569 2374 640 artificia
2411 567 2680 640 deliciae
2721 569 2956 654 fecere,

818 705 899 748 ex
930 703 1065 774 quo
1100 675 1289 746 labor
1328 677 1519 746 desiit
1556 677 1742 746 cibos
1783 697 2074 770 poscere.
2113 676 2226 744 Ob
2256 675 2380 744 has
2415 699 2668 748 causas
2705 678 2958 772 quidam

821 769 1194 854 anicetum⁵
1236 783 1303 852 id
1344 807 1691 852 vocavere.

928 892 1245 960 LXXIII.
1330 889 1920 958 laudatissimum*
1984 902 2084 958 est
2135 889 2514 976 Creticum,
2591 893 2960 984 proximum

822 999 1221 1092 AEgyptium.
1264 999 1415 1066 Hoc
1456 993 1776 1098 ligustici'
1815 998 2030 1066 vicem
2083 1009 2352 1090 praestat
2391 997 2464 1064 in
2503 995 2960 1065 condimentis.

824 1086 1145 1173 Dolores³
1184 1103 1415 1238 capitis
1458 1101 1636 1170 levat
1679 1101 1978 1171 suffitum
2017 1101 2306 1170 naribus.
2345 1103 2730 1198 Epiphoris
2765 1103 2962 1172 oculo-

824 1234 973 1278 rum
1018 1195 1317 1278 Evenor⁴
1360 1207 1648 1276 radicem
1683 1209 1824 1300 ejus
1865 1223 2078 1278 tusam
2122 1208 2455 1302 imponit:
2503 1207 2786 1278 Iollas
2765 1236 2960 1305 ipsum

830 1341 983 1384 cum
1032 1339 1233 1384 croco
1271 1315 1413 1407 pari
1462 1313 1666 1382 modo
1705 1329 1774 1384 et
1808 1317 1997 1399 vino,
2035 1329 2104 1382 et
2131 1337 2252 1408 per
2287 1337 2358 1384 se
2385 1316 2634 1384 tritum
2671 1339 2826 1384 cum
2861 1341 2958 1410 po-

824 1421 1003 1492 lenta
1030 1419 1115 1488 ad
1144 1443 1415 1514 magnas
1442 1419 1800 1504 fluxiones,
1829 1419 2422 1550 extrahendisque,
2455 1423 2512 1490 si
2549 1445 2696 1515 qua
2731 1425 2802 1490 in
2831 1447 2964 1491 ocu-

827 1527 925 1596 los
950 1525 1315 1596 inciderint.
1341 1527 1618 1596 Narium
1639 1551 1902 1621 quoque
1925 1513 2343 1598 carcinodes⁵
2363 1531 2722 1599 consumit
2749 1527 2962 1598 illitum

826 1658 907 1702 ex
954 1655 1143 1727 aqua.
1194 1631 1396 1702 Sedat
1444 1633 1720 1764 anginas
1761 1657 1916 1702 cum
1955 1631 2150 1702 melle-
2199 1647 2266 1702 et
2306 1632 2615 1729 hyssopo
2659 1661 2746 1704 ex
2798 1650 2963 1703 aceto

828 1741 1335 1835 gargarizatum
1366 1723 1694 1808 Auribus⁶
1731 1738 2102 1808 infunditur
2135 1763 2287 1808 cum
2331 1765 2640 1810 rosaceo.
2665 1742 2962 1812 Thoracis

827 1847 1095 1942 pituitas
1125 1860 1367 1940 purgat
1394 1843 1704 1914 tostum⁷t
1735 1869 1888 1914 cum
1919 1844 2112 1914 melle
2133 1861 2496 1940 sumptum,
2525 1847 2795 1917 melius.
2811 1851 2961 1918 Cum

828 1950 1175 2022 acetabulo
1208 1953 1373 2020 anisi
1408 1975 1614 2020 nuces
1648 1975 1908 2022 amaras
1939 1975 1982 2020 1,
2023 1967 2336 2046 purgatas
2370 1967 2514 2021 tere
2553 1957 2632 2022 in
2669 1953 2866 2024 melle
2895 1955 2964 2022 ad

830 2059 1080 2128 tussim.
1110 2043 1487 2127 Facillime⁸
1516 2080 1678 2126 vero
1705 2059 1872 2127 anisi
1899 2055 2235 2128 drachmae
2263 2073 2425 2144 tres,
2457 2064 2827 2155 papaveris
2843 2061 2964 2130 duae

830 2167 1195 2234 miscentur
1232 2162 1423 2232 melle
1456 2163 1540 2232 ad
1583 2163 1750 2234 fabae
1781 2163 2342 2260 magnitudinem,
2381 2181 2450 2234 et
2495 2171 2720 2238 ternis
2761 2167 2962 2237 diebus

916 2407 965 2462 5.
994 2409 1269 2462 Anicetum,
1296 2405 1562 2460 Omnibus
1595 2405 1710 2458 aliis
1743 2421 1856 2460 me·
1943 2405 2075 2459 Iolla
2101 2407 2158 2458 in
2177 2421 2459 2461 auctorum
2485 2408 2706 2466 Indice..
2728 2413 2962 2467 Han.—

832 2486 1145 2541 die-amenti·
1166 2487 1493 2559 precellens.
1534 2486 1746 2538 Dsnnc.
1777 2517 1858 2527 —
1945 2485 2155 2538 Euenor.
2195 2485 2530 2558 Iampridem
2562 2509 2634 2544 ex
2668 2507 2782 2546 vet.
2807 2494 2960 2548 codiee

834 2569 1105 2622 Anicetum.
1121 2559 1380 2629 Ᾰνίκητον,
1408 2565 1690 2629 invictum,
1711 2563 1858 2636 quod
1947 2567 2122 2619 locum
2157 2567 2305 2620 hunc
2346 2565 2637 2624 Pintianus
2671 2575 2960 2635 reflueret.

832 2648 1080 2700 omnibus
1116 2644 1513 2699 medicamentis
1562 2646 1858 2699 antecellat·
1949 2664 2058 2718 quo
2087 2664 2234 2700 nunc
2267 2646 2550 2702 exhibetur
2583 2654 2781 2707 modo.
2809 2656 2898 2708 En

834 2727 955 2780 Non
974 2725 1121 2779 aniso
1144 2722 1199 2777 id
1226 2742 1422 2777 nomen
1438 2762 1453 2786 ,
1478 2722 1573 2777 sed
1592 2726 1784 2778 anetho
1803 2726 1858 2777 in
2033 2726 2085 2779 5.
2170 2726 2376 2780 Nae-iem
2435 2748 2630 2803 quoque
2699 2737 2958 2787 cmmoda

836 2805 1065 2869 Nothis,
1096 2822 1153 2875 p.
1175 2804 1284 2867 455
1303 2842 1319 2869 ‚
1350 2801 1864 2857 Pseudo-Dioscori-
1953 2806 2308 2859 Cancer-osum
2355 2807 2535 2873 ulcus,
2577 2824 2678 2865 aut
2711 2816 2958 2887 polypum.

835 2885 933 2940 des
959 2884 1221 2939 attribuit.
1246 2882 1427 2936 Hsnn.
1955 2886 2156 2939 Duae.
2179 2917 2256 2927 —
2291 2886 2517 2941 Nau-im.
2557 2891 2760 2946 Exstat
2799 2914 2854 2949 ω
2883 2914 2962 2947 mx

912 2965 1167 3019 LXXIII.
1208 2982 1256 3018 ῐ.
1310 2962 1728 3015 Laudatim'mm.
1781 2962 1869 3015 Sic
1956 2963 2098 3036 apud
2135 2964 2503 3032 Cels.v1,de
2535 2972 2776 3044 polypo.
2809 2982 2968 3043 Kapa-

834 3046 1077 3100 Dioscor.
1097 3045 1133 3097 l.
1160 3044 1197 3097 l.
1220 3048 1423 3097 Auctor
1442 3042 1567 3095 libri
1585 3040 1656 3095 de
1680 3042 1868 3113 simpl.
1955 3039 2116 3105 νώδης
2146 3046 2288 3117 ὄγκος
2319 3045 2422 3099 hoc
2461 3048 2584 3101 loco
2615 3052 2922 3125 intelligitur
2939 3074 2962 3105 a

836 3124 978 3180 med.
1002 3122 1070 3179 ad
1098 3124 1471 3177 paternianum
1490 3162 1505 3187 ,
1550 3122 1640 3194 qui
1662 3122 1867 3175 Galeno
1955 3123 2158 3190 Plinio,
2179 3138 2368 3179 tumor
2391 3144 2586 3182 cunm-o
2617 3132 2851 3196 similis,
2891 3136 2962 3204 qui

836 3206 1185 3269 adscribitur,
1212 3216 1339 3255 tom.
1368 3204 1529 3268 xm,
1554 3222 1677 3275 pag.
1705 3200 1864 3273 98⁵:
1957 3204 2158 3274 absque
2182 3206 2428 3279 exesione
2453 3210 2650 3263 est.1n
2675 3212 2838 3267 MSS
2861 3216 2962 3283 neg

839 3308 859 3329 ι
894 3288 1118 3338 Anisum
1149 3284 1415 3355 optimum
1452 3294 1531 3335 est
1566 3282 1865 3341 Creticum.
1960 3295 2014 3336 et
2053 3284 2210 3337 Colb.
2251 3288 2438 3339 narium
2481 3289 2730 3345 cardines,
2783 3294 2849 3347 111

836 3364 1029 3420 deinde
1042 3361 1652 3434 AEgyptiuszallicum
1667 3360 1876 3415 inertis-
2047 3366 2100 3417 6.
2137 3364 2370 3419 Auribus.
2433 3369 2571 3421 Cum
2631 3390 2852 3429 rosaceo
2889 3378 2962 3427 tri·

835 3447 1052 3509 simum,
1075 3454 1177 3496 etc.
1198 3468 1219 3490 ι-
1250 3443 1427 3495 ΗΑιο.
1955 3454 2098 3507 tum,
2138 3444 2310 3515 inquit
2353 3446 2592 3501 Dioscor.
2637 3452 2752 3509 111,
2789 3456 2858 3507 65
2877 3492 2894 3515 ,
2923 3468 2964 3506 et

916 3546 969 3577 α.
998 3525 1247 3593 Ligustici.
1282 3521 1447 3575 Sativi
1464 3559 1478 3585 ,
1511 3519 1584 3573 de
1611 3540 1719 3593 quo
1741 3538 1864 3592 cap.
1954 3522 2266 3576 instillatum
2283 3526 2458 3579 fractis
2479 3528 2708 3584 auribus
2722 3534 2964 3587 medetur.

838 3605 871 3657 8
906 3603 1081 3656 ultim.
1112 3601 1207 3655 lib.
1238 3601 1390 3655 XIX.
1421 3603 1561 3653 Du..
1956 3602 2058 3655 Καὶ
2099 3604 2252 3673 ῥήξεις
2291 3600 2350 3657 δὲ
2397 3612 2493 3659 τῶν
2539 3609 2682 3663 ὤτων
2731 3618 2856 3666 λεῖον
2897 3618 2962 3665 σὺν

919 3684 973 3735 3.
1004 3682 1211 3733 Dolores
1235 3683 1407 3751 capitis
1441 3682 1586 3733 levat.
1613 3678 1866 3733 Totidem
1957 3676 2130 3753 ῥοδίνῳ
2155 3686 2202 3735 ἐν
2177 3686 2416 3756 νςαζόμιν
2421 3706 2467 3737 ον
2491 3688 2654 3741 tii-an.
2685 3692 2866 3746 Hnn

837 3762 1013 3815 verbis
1039 3760 1217 3813 Diosc.
1247 3761 1284 3813 l.
1312 3778 1359 3812 c.
1393 3758 1576 3811 unu.
2041 3780 2093 3831 7.
2151 3763 2364 3817 Pitnieas
2384 3778 2572 3837 purgat
2599 3782 2795 3825 eostam
2831 3774 2964 3828 Cns-

921 3850 975 3907 4.
1010 3842 1214 3893 Euenor.
1252 3842 1329 3892 Ita
1370 3838 1607 3891 eruimus
1637 3856 1668 3889 e
1705 3838 1867 3889 vesti·
1957 3860 2041 3893 sos
2063 3856 2116 3894 et
2137 3843 2415 3913 pituitosos
2433 3862 2623 3900 succos
2641 3852 2962 3921 pulmonibus

838 3922 939 3995 giis
980 3920 1231 3975 codicum
1280 3918 1410 3991 Reg.
1454 3918 1614 3971 Colb.
1662 3930 1762 3969 etc.
1808 3917 1866 3970 in
1957 3920 2235 3985 infarctos,
2263 3936 2316 3977 et
2343 3922 2566 3978 thoraci.
2607 3928 2748 3983 Du..

842 4002 1040 4075 quibus
1070 3998 1552 4071 Euenum-legitur.
1593 3998 1656 4049 In
1679 3994 1862 4059 editis,
2055 4004 2106 4055 8.
2159 4002 2427 4057 Facillime.
2481 4006 2882 4064 Iucundissime
2921 4022 2962 4062 et

842 4105 868 4135 e
906 4086 1014 4135 vino
1056 4098 1353 4154 perperam.
1414 4080 1493 4132 De
1532 4076 1776 4129 Evenore
1815 4087 1867 4129 et
1957 4080 2232 4134 utilissimo
2253 4082 2508 4137 remedio.
2541 4085 2674 4141 Du..
