3150 5150
796 585 890 656 70
1312 561 1387 627 c.
1444 557 1790 626 PL1N11
1844 559 2068 626 NAT.
2124 557 2387 625 ms‘r.

789 691 1026 760 adraso
1079 689 1324 783 junctis
1387 689 1709 758 medullis·
1746 687 2059 784 colligari.
2132 673 2461 757 Tertium⁶
2516 711 2727 780 genus
2786 703 2917 772 est,

790 795 1158 866 terebrare⁷
1204 796 1404 864 vitem
1439 797 1508 864 in
1543 795 1895 889 obliquum
1930 795 2013 864 ad
2060 792 2449 879 medullam,
2494 792 2915 888 calamosque

790 901 1032 972 addere
1067 901 1298 1004 longos
1336 901 1534 995 pedes
1570 902 1791 988 binoS,
1824 916 2020 1031 atque
2054 903 2167 969 ita
2174 847 2449 995 ligatuni
2474 901 2785 985 insitum,
2818 901 2914 966 in-

794 1009 1076 1102 tritaque
1119 1005 1355 1077 illitum
1401 1010 1659 1102 operire
1692 994 1909 1076 terra⁸
1912 1007 2235 1092 ‚calamis
2276 1006 2618 1075 subrectiS.
2666 1004 2913 1076 Nostra

793 1114 982 1185 aetas⁹
1007 1116 1332 1200 correxit,
1363 1128 1439 1182 ut
1471 1113 1706 1208 gallica
1746 1129 2043 1184 uteretur
2086 1112 2379 1198 terebra,
2414 1135 2563 1205 quae
2604 1127 2912 1192 excavat,

791 1245 916 1290 nec
974 1221 1147 1304 urit;
1221 1221 1532 1314 quoniam
1573 1218 1833 1290 adustio
1883 1221 2097 1290 omnis
2138 1218 2482 1290 hebetat-z
2528 1217 2797 1311 atque¹⁰
2844 1233 2913 1286 ut

793 1345 1239 1443 gemmascere
1288 1327 1609 1421 incipiens
1661 1324 1914 1422 legatur
1960 1324 2298 1416 calamus:
2348 1347 2469 1392 nec
2514 1322 2663 1418 plus
2710 1347 2909 1418 quam

789 1431 960 1502 binis
988 1433 1115 1500 ab
1096 1427 1326 1501 insito¹
1331 1431 1703 1502 ¹emineret
1720 1432 1968 1519 oculis,
2004 1430 2223 1500 ulmeo
2255 1427 2517 1498 vimine¹
2528 1426 2911 1524 'alligatus‚

790 1538 1076 1631 binaque
1111 1538 1695 1607 circumcideretur
1728 1541 1873 1610 acie
1908 1563 1947 1606 a
1984 1537 2239 1606 duabus
2281 1536 2621 1631 partibuS.
2647 1550 2731 1603 ut
2764 1535 2913 1604 inde

792 1646 1012 1737 potius
1027 1641 1370 1713 distillaret
1388 1643 1653 1713 mucor¹
1660 1630 1838 1739 ³‚qui
1860 1646 2140 1713 maxime
2163 1643 2329 1712 vites
2351 1640 2635 1710 infestae
2656 1642 2915 1710 Deinde

791 1774 999 1843 quum
1037 1749 1434 1822 evaluissent
1475 1749 1731 1844 flagella
1776 1750 2012 1844 pedes¹
1995 1737 2042 1781 ¹⁴
2083 1749 2303 1829 binos,
2348 1745 2691 1816 vinculum
2742 1749 2913 1816 insiti

788 1855 1219 1942 incideretur,
1253 1856 1538 1924 ubertati
1563 1856 1991 1926 crassitudine
2029 1855 2361 1951 permissa.
2386 1837 2727 1922 vitibus*
2749 1855 2913 1922 inse·

873 2031 926 2080 6.
964 2029 1198 2083 Tertium.
1225 2028 1358 2082 Cato
1403 2040 1457 2079 et
1494 2027 1705 2081 Colum.
1750 2029 1805 2081 11.

791 2125 868 2160 ec.
893 2107 1092 2162 Grteeis
1117 2121 1195 2162 est
1227 2109 1584 2179 ἕγκιντρισμός.
1618 2107 1689 2160 Η.

873 2207 926 2256 7.
963 2188 1237 2240 Ter-ebrato.
1283 2177 1611 2257 ὲγκιντρῖζαιν
1661 2187 1809 2240 Gro-

791 2265 883 2320 cis.
913 2268 1048 2319 Dar„

875 2345 926 2400 8.
963 2348 1232 2418 Intrieaqug
1255 2345 1432 2398 mitum
1455 2350 1642 2416 operire
1660 2359 1809 2399 term.

794 2426 998 2496 Argiua
1021 2425 1232 2479 subacta
1258 2443 1382 2478 cum
1410 2425 1539 2478 fimo
1563 2439 1616 2478 et
1637 2445 1809 2479 arena.

873 2505 1130 2573 9.Nosera
1160 2515 1304 2569 πίω,
1329 2516 1432 2558 etc.
1463 2504 1673 2558 Colum.
1700 2505 1812 2559 hoc

792 2584 964 2639 multo
1011 2585 1264 2649 uberius,
1303 2584 1394 2637 lib.
1425 2586 1528 2648 IV,
1559 2603 1674 2657 cap.
1706 2604 1807 2655 29:

800 2663 939 2717 «Sed
963 2661 1110 2717 alind
1137 2675 1215 2716 est
1243 2664 1625 2717 ferramentum
1646 2702 1661 2723 ‚
1703 2684 1812 2737 quo

791 2744 996 2814 priores
1032 2743 1194 2798 vitem
1245 2743 1585 2814 perforabant
1601 2781 1616 2802 ‚
1660 2742 1805 2799 aliud

793 2822 942 2893 qnod
968 2823 1082 2893 ipse
1120 2840 1216 2874 usu
1247 2841 1390 2875 nnnc
1415 2823 1580 2894 magis
1622 2836 1806 2895 aptum

792 2901 1047 2974 comperi.
1101 2901 1237 2954 Nam
1289 2901 1508 2973 antiqua
1560 2903 1767 2956 terebra
1792 2942 1808 2970 ,

793 3000 956 3053 qnam
986 2982 1152 3034 solam
1191 2993 1392 3035 veteres
1426 2982 1669 3051 agricolus
1714 3002 1809 3035 no·

791 3071 1008 3127 verant,
1036 3060 1280 3113 scrobem
1301 3060 1556 3125 faciebat,
1586 3080 1807 3132 perure-

792 3140 989 3212 Batque
1013 3158 1130 3195 eam
1157 3151 1363 3209 partem
1382 3179 1398 3202 ,
1442 3158 1601 3210 qnam
1628 3141 1810 3211 perfo-

790 3232 998 3273 raverat
1013 3238 1028 3272 ε
1044 3217 1226 3272 deusta
1261 3237 1425 3289 porro
1451 3238 1574 3273 raro
1610 3220 1809 3273 revire-

789 3299 984 3363 scebat,
995 3299 1080 3351 vel
1091 3316 1214 3351 cum
1230 3299 1410 3370 priore
1421 3300 1745 3353 coalescebat
1754 3339 1768 3353 .
1776 3340 1809 3354 ..

791 3378 904 3430 Nos
929 3379 1190 3431 terebram
1208 3415 1225 3444 ‚
1248 3396 1410 3449 quam
1437 3378 1699 3433 Gallicam
1726 3378 1809 3433 di·

791 3454 1055 3521 cimnsffld
1075 3456 1212 3509 hanc
1225 3457 1528 3511 insitionem
1543 3478 1809 3513 commen·

791 3535 834 3589 ti
865 3536 1024 3605 longe
1055 3534 1400 3601 habiliorem,
1432 3538 1808 3610 utilioremque

789 3614 1178 3685 comperimus,
1207 3626 1305 3668 etc.
1341 3642 1363 3663 ι
1389 3615 1653 3687 Didymus
1672 3636 1807 3689 quo-

787 3692 1142 3765 queinGeop.
1164 3692 1258 3745 lib.
1273 3695 1373 3760 IV,
1386 3712 1501 3765 cap.
1530 3714 1551 3749 1
1568 3715 1596 3748 a
1616 3734 1635 3762 ,
1662 3698 1807 3753 hune

785 3772 1054 3827 insitionis
1081 3769 1306 3827 modum
1333 3774 1639 3846 explanans,
1669 3779 1805 3847 ταρί-

785 3872 882 3923 τρῳ
913 3860 985 3922 τῷ
1028 3852 1305 3923 καλουμένῳ
1334 3858 1556 3925 Panaq-
1604 3855 1803 3909 utitur:

783 3930 928 3985 unde
953 3930 1306 3985 recentiorem
1345 3931 1492 3985 hune
1529 3952 1641 3987 esse
1674 3935 1804 3989 seri·

781 4022 995 4081 ptorem
1021 4022 1258 4082 apparet.
1301 4012 1378 4065 Ea
1405 4015 1617 4067 terebra
1635 4014 1803 4069 Gallis

781 4089 946 4144 modo
969 4091 1288 4162 videbe-equita
1303 4131 1320 4155 ‚
1349 4093 1512 4145 wille.
1539 4092 1718 4147 Hsan.

867 4188 950 4223 10.
985 4172 1216 4242 Aequent
1237 4188 1568 4239 gemmascere.
1582 4174 1799 4229 Colum.

1898 2029 1965 2082 de
1997 2029 2186 2081 Arbor.
2203 2027 2269 2081 8:
2298 2027 2527 2092 «Quum
2573 2027 2739 2079 vitem
2784 2026 2915 2078 inse-

1898 2126 2014 2161 rere
2034 2109 2205 2171 voles‚
2223 2106 2411 2178 optimi
2425 2106 2633 2177 generis
2654 2119 2915 2160 sarmenta

1898 2187 2187 2241 fructuaria
2204 2199 2521 2258 tum,quum
2544 2203 2783 2256 gemmas
2806 2204 2918 2255 age-

1898 2285 1959 2320 re
1981 2267 2266 2336 incipiant,
2295 2279 2455 2319 vento
2476 2268 2675 2320 Austro
2696 2285 2729 2316 a
2754 2278 2917 2318 matre

1900 2344 2199 2416 proecidito.
2222 2371 2247 2392 ι
2276 2343 2455 2399 Hann-

1986 2445 2007 2478 1
2028 2445 2045 2478 1
2063 2463 2075 2476 .
2103 2425 2187 2477 Ab
2224 2427 2380 2478 insito.
2414 2425 2499 2476 Ab
2528 2423 2781 2478 insitione
2810 2442 2913 2476 non

1896 2506 2021 2578 plus
2048 2523 2205 2577 quam
2228 2520 2449 2574 gemma
2488 2501 2608 2556 dua
2634 2516 2913 2556 exstarent.

1898 2586 2105 2639 Plinius
2121 2623 2138 2648 ,
2156 2602 2272 2654 cap.
2304 2582 2373 2637 35
2398 2603 2415 2638 ι
2440 2606 2461 2626 ·
2486 2583 2677 2647 Oculi,
2702 2583 2913 2655 inquit,

1898 2665 1957 2719 in
1978 2666 2229 2718 arborum
2246 2662 2469 2716 surculis
2488 2663 2711 2734 proprie
2727 2681 2915 2716 vocan-

1897 2758 1987 2798 tur
2010 2742 2152 2797 unde
2180 2742 2494 2813 germinant.
2513 2768 2535 2789 ι
2566 2742 2755 2795 Hann-

1984 2842 2006 2877 ι
2022 2844 2071 2877 a.
2113 2823 2280 2875 [urm
2310 2826 2507 2874 υίηιίηο.
2554 2820 2677 2875 Non
2708 2819 2916 2875 abludit

1894 2904 1963 2956 ab
1984 2904 2083 2957 hac
2106 2904 2314 2955 ratione
2336 2900 2549 2955 Colum.
2570 2902 2613 2953 Ι.
2630 2920 2679 2954 ο.
2710 2898 2913 2967 «Quid-

1896 2982 2029 3053 quid
2066 2980 2346 3035 inserueris
2379 2981 2503 3045 viti,
2534 2976 2822 3051 diligenter
2851 2980 2915 3033 li-

1896 3063 1997 3115 bro
2028 3061 2219 3132 ligato,
2244 3072 2404 3131 atque
2431 3060 2546 3113 luto
2574 3061 2802 3113 subacto
2824 3078 2913 3131 pa·

1894 3143 2034 3195 lea'to
2069 3139 2299 3193 oblinito
2323 3178 2336 3191 .
2356 3179 2370 3193 .
2385 3178 2399 3193 .
2438 3140 2583 3193 Infra
2609 3139 2913 3193 insitionem

1898 3232 1949 3275 et
1988 3219 2319 3291 alligaturam
2362 3218 2494 3274 falce
2534 3234 2687 3273 acuta
2732 3220 2917 3272 leviter

1898 3301 2056 3355 vitem
2082 3300 2361 3353 vulnerato
2386 3316 2451 3353 ex
2484 3311 2711 3369 utraque
2736 3310 2915 3369 parte,

1899 3392 1959 3433 nt
1978 3398 2042 3433 ex
2066 3379 2151 3433 his
2174 3379 2355 3450 potius
2378 3376 2551 3449 plagis
2576 3379 2779 3431 humor
2820 3376 2914 3432 de·

1894 3459 2049 3523 fluat,
2070 3477 2233 3529 quam
2258 3476 2321 3511 ex
2340 3458 2591 3511 insitione
2612 3458 2729 3528 ip‘sa
2745 3459 2914 3511 abun·

1895 3538 2021 3593 det:
2046 3551 2205 3592 nocet
2254 3537 2394 3589 enim
2444 3537 2639 3590 nimius
2686 3539 2913 3601 humor,

1893 3638 1991 3673 nec
2021 3618 2220 3690 patitur
2255 3616 2495 3669 surculos
2528 3617 2753 3671 insertos
2774 3635 2915 3671 com·

1892 3695 2240 3769 prehendere.
2274 3720 2295 3741 ι
2334 3696 2517 3750 Han.

1980 3779 2070 3831 13.
2098 3776 2287 3829 M.ucor
2304 3776 2531 3837 Humor,
2548 3792 2639 3827 seu
2660 3774 2913 3845 lacryma,

1894 3870 1953 3910 ut
1992 3855 2194 3910 dictum
2236 3866 2315 3909 est
2370 3873 2435 3908 ex
2478 3854 2755 3925 Theophr.
2798 3872 2913 3925 cap.

1892 3956 2007 4008 sup.
2016 3948 2089 3990 et
2110 3935 2355 4007 proxime
2370 3952 2437 3987 ex
2456 3934 2775 3989 Columella.
2798 3934 2865 3986 H.

1978 4022 2069 4080 14.
2102 4015 2261 4067 Pedes
2310 4014 2463 4067 binos.
2510 4014 2691 4067 Dalec.
2732 4013 2805 4065 ad
2831 4032 2913 4085 pe·

1890 4096 1995 4149 des.
2026 4096 2130 4149 Eu.

1978 4174 2065 4228 15.
2114 4174 2186 4227 V
2168 4174 2308 4226 mbas
2362 4173 2637 4225 inserendis.
2698 4173 2907 4225 Colum.
