3150 5150
982 537 1318 646 LIBER·
1357 537 1615 606 XVII.
2212 535 2351 608 125

213 671 542 740 viceno²⁷z
571 667 738 738 inter
763 693 832 738 se
864 669 1043 738 obvii
1073 670 1456 753 miscentur,
1496 667 1979 762 alliganturque
2014 693 2146 738 una
2185 695 2350 740 con-

215 776 422 845 ciliati
443 829 464 862 ‚
489 774 925 870 virgultorum
951 777 1268 845 comitatu
1289 776 1504 845 obiter
1524 776 1795 868 rigorati
1810 765 2005 868 ²⁰qua
2016 774 2345 845 deficiant:

216 897 342 950 aut
377 883 432 950 si
467 880 757 950 brevitas
792 907 929 950 non
965 882 1254 976 patiatur
1283 884 1620 976 ipsorum,
1654 878 2071 974 adalligato²9
2099 897 2357 976 proten-

217 988 530 1117 duntur3‘
511 1012 582 1057 ιιι
613 987 899 1056 viduam·
917 987 1222 1058 arborem
1258 1012 1455 1059 unco.
1501 987 1871 1057 Traducem
1908 987 2159 1057 bimum
2198 1013 2355 1083 prae·

219 1079 524 1164 cidere³⁰
553 1092 870 1163 solebant.
914 1095 1222 1163 Oneratis
1262 1097 1438 1163 enim
1468 1108 1797 1163 vetustate
1834 1090 2065 1162 melius
2108 1093 2358 1164 donare

221 1215 529 1296 tempus,
563 1215 640 1268 ut
669 1187 1067 1330 trans³ilem³¹
1087 1201 1388 1288 faciant,
1428 1203 1482 1271 si
1524 1185 1911 1294 largiatur³²
1952 1201 2353 1271 crassitudo:

221 1305 394 1376 alias
425 1305 586 1375 utile
613 1291 838 1376 toros³
843 1292 1097 1376 ³futuri
1133 1306 1437 1377 draconis
1475 1307 1679 1402 pasci.
1875 1318 1883 1326 “

336 1414 572 1482 Unum
599 1413 958 1482 etiamnum
997 1437 1204 1508 genus
1233 1429 1334 1483 est
1364 1413 1655 1484 medium
1689 1414 1861 1480 inter
1892 1399 2087 1481 hoc³⁴
2115 1428 2183 1482 et
2215 1438 2365 1508 pro-
2399 1409 2467 1470 4⁸

223 1520 601 1613 paginem:
647 1532 817 1588 totas
861 1519 1385 1614 supplantandi
1367 1546 1435 1588 m
1481 1534 1725 1589 terram
1768 1520 1974 1605 viteS‚
2011 1521 2365 1615 cuneisque

229 1624 568 1709 findendi,
614 1638 682 1694 et
723 1626 791 1693 in
837 1625 1054 1696 sulcos
1098 1625 1320 1720 plures
1363 1625 1555 1695 simul
1605 1649 1684 1694 ex
1730 1649 1861 1694 una
1910 1626 2365 1721 propagandi,

226 1729 609 1826 gracilitate
635 1730 1043 1824 singularum
1069 1731 1330 1802 firmata
1355 1731 1843 1864 circumligatis³
1844 1731 2218 1820 hastilibus,
2242 1759 2364 1802 nec

226 1839 464 1907 recisis
505 1839 617 1931 qui
653 1861 692 1906 a
735 1835 1048 1907 lateribus
1087 1854 1444 1908 excurrant
1483 1823 1893 1934 pampinis³⁵.
1942 1840 2009 1908 N
2010 1863 2366 1909 ovariensis

229 1942 536 2039 agricola
573 1943 923 2014 traducum
960 1944 1154 2013 turba
1183 1971 1320 2014 non
1353 1959 1738 2033 contentus,
1775 1968 1899 2013 nec
1930 1947 2121 2040 copia
2158 1969 2371 2014 ramo-

1442 2111 1534 2161 29·
1574 2092 1871 2162 Adalligato
1902 2132 1915 2145 .
1938 2131 1951 2144 .
1977 2131 1990 2144 .
2030 2111 2166 2144 unco.
2215 2093 2375 2144 Iunco
2424 2101 2431 2108 ’

1357 2172 1595 2228 fortassis
1636 2173 1891 2226 sincerius
1940 2171 2103 2224 fuerit
2145 2190 2159 2224 :
2205 2190 2371 2245 quum

232 2091 464 2144 arbusto
488 2091 728 2144 Gallico:
758 2115 782 2140 ι
805 2091 1037 2146 Curetur
1061 2105 1124 2145 ut
1141 2093 1270 2146 novi

233 2170 492 2225 traduces
509 2171 762 2224 omnibus
779 2173 932 2224 annis
955 2173 1096 2225 inter
1129 2190 1186 2225 se
1207 2191 1273 2225 ex

233 2251 528 2304 arboribus
557 2251 816 2322 proximis
868 2265 1270 2312 connectantur,
1357 2251 1599 2306 laudatus
1645 2271 1676 2304 a
1728 2251 1885 2304 nobis
1932 2251 2178 2321 proxime
2220 2251 2387 2304 Colu-

237 2344 293 2384 et
334 2343 548 2384 veteres
597 2327 924 2385 decidantur.
978 2331 1034 2384 si
1079 2331 1275 2385 tradux
1359 2333 1546 2396 mella,
1571 2331 1772 2401 virgam
1807 2330 1874 2384 ad
1900 2328 2111 2384 eosdem
2134 2348 2260 2384 usus
2289 2329 2386 2384 ad-

237 2407 526 2464 traducem
581 2429 692 2464 non
737 2410 1000 2482 contingit
1023 2448 1042 2476 ‚
1101 2408 1278 2464 media
1359 2413 1554 2465 hibent.
1584 2411 1769 2464 Hun.

239 2491 396 2560 virga
444 2491 588 2543 inter
631 2507 716 2542 eas
751 2488 1012 2560 deligetur
1055 2508 1069 2542 ε
1111 2509 1276 2561 quum
1446 2493 1536 2545 30.
1588 2491 1854 2543 Traducem
1900 2490 2075 2541 bimum
2119 2489 2383 2560 praecidere

239 2567 447 2623 deinde
491 2569 696 2623 fructus
737 2568 978 2641 pondere
1031 2570 1241 2640 urgebit
1262 2609 1277 2634 ,
1362 2571 1593 2625 sotebant.
1630 2570 1826 2625 Sensus
1846 2583 1956 2624 est:
1979 2568 2274 2623 Traducem
2296 2610 2311 2635 ,
2332 2569 2389 2623 id

241 2650 502 2720 subjectis
525 2648 865 2703 adminiculis
900 2652 1271 2704 sustineatur..
1365 2666 1472 2717 est,
1499 2664 1825 2705 sarmentum
1857 2647 2183 2703 traductioni
2226 2648 2393 2703 desti-

241 2730 532 2783 Hsnn.—
552 2728 612 2781 Si
632 2749 769 2797 pars.
799 2729 1042 2783 Gronov.
1064 2730 1282 2802 aliique,
1365 2745 1550 2786 natum
1584 2731 1639 2783 in
1676 2742 1842 2784 matre
1866 2730 2177 2802 priusquam
2203 2728 2389 2781 tradu-

245 2816 291 2863 εἰ
327 2830 440 2880 pes.
460 2810 566 2862 En.

337 2908 435 2959 27.
517 2889 847 2959 Quadmgeno
865 2922 1063 2943 ......
1094 2894 1280 2942 vicena.

249 2967 676 3039 Quadi-egenum
686 2968 886 3039 pedum
906 2967 1150 3023 distantia
1169 2970 1287 3041 pin-

247 3049 344 3119 gui
368 3049 494 3101 solo
519 3048 916 3118 interponitur;
945 3052 1098 3119 cujus
1123 3050 1302 3103 bene·-

247 3128 380 3183 flcio
409 3126 536 3181 duae
560 3128 686 3181 sole
711 3129 846 3183 vites
873 3128 950 3182 sic
979 3129 1253 3185 luxuriant
1273 3167 1288 3192 ,

249 3222 316 3263 nt
355 3208 540 3261 arbori
577 3207 862 3261 vestiendas
899 3208 1180 3263 sufficiant.
1213 3207 1290 3262 At

245 3305 442 3341 macro
473 3288 729 3359 tenuique
768 3289 882 3341 solo
919 3289 1162 3342 vicenum
1201 3306 1292 3359 pe-

249 3367 390 3421 dum
417 3367 763 3420 intervallum
787 3380 864 3421 est
876 3405 894 3432 ,
919 3368 1096 3439 inquo
1109 3367 1291 3421 minus

247 3464 486 3501 ramosa
513 3445 888 3519 frondosaque
921 3448 1054 3501 vites
1098 3446 1164 3500 ad
1205 3466 1292 3500 ar-

247 3529 448 3581 borem
471 3538 702 3597 quatuor
721 3524 1109 3597 perducuntur.
1147 3530 1292 3580 Du..

341 3614 436 3661 28.
469 3607 720 3676 Rigomti.
743 3602 1073 3678 Rigidioresss
1089 3604 1293 3676 firmio-

251 3706 430 3761 resque
471 3686 620 3741 facti.
671 3686 758 3740 Sic
801 3687 1014 3741 Colum.
1055 3686 1154 3739 lib.
1193 3686 1295 3751 IV,

251 3785 384 3838 cap.
437 3770 506 3818 16
549 3783 564 3817 ε
608 3791 631 3813 α
667 3765 1049 3838 Compluribus
1075 3764 1296 3819 arundi-

249 3865 402 3901 num
453 3845 718 3899 fasciculis
769 3858 1161 3899 connectuntur
1187 3884 1202 3911 ,
1238 3858 1299 3899 nt

251 3928 500 3998 rigorem
544 3925 795 3979 habeant.
829 3952 852 3973 ι
892 3924 1046 3979 Idem
1087 3925 1185 3979 lib.
1225 3926 1298 3992 V,

251 4024 391 4077 oep.
421 4028 478 4073 7,
507 4002 656 4076 quod
687 4008 902 4075 rfgomri
931 4005 1166 4070 Plinius,
1211 4004 1300 4057 ad-

255 4086 512 4137 miniculis
529 4088 755 4137 sustineri
777 4083 910 4139 dixit
923 4123 942 4151 ‚
973 4098 1034 4139 ut
1055 4086 1300 4157 proxime

257 4176 400 4219 ante
428 4165 726 4217 retulimus.
755 4165 938 4219 ΗΑιιι).

1366 2823 1571 2876 cerent‚
1619 2810 1827 2863 bimum
1872 2810 2159 2881 putabant,
2213 2822 2273 2861 ut
2324 2828 2389 2861 eo

1366 2890 1625 2961 temporis
1650 2890 1821 2961 spatio
1846 2902 2184 2943 crassesceret
2220 2890 2347 2942 satis
2372 2928 2389 2949 ‚

1369 2984 1423 3024 et
1450 2970 1504 3022 in
1530 2971 1780 3023 arborem
1804 2970 2023 3022 transire
2040 2980 2234 3041 posset,
2246 2967 2396 3040 quod

1371 3050 1416 3103 si
1440 3050 1617 3102 bimus
1657 3068 1765 3102 non
1804 3047 1977 3101 adhuc
2019 3049 2143 3101 satis
2188 3045 2397 3101 validus

1373 3142 1464 3183 aut
1503 3148 1703 3183 crassus
1731 3130 1895 3191 foret,
1927 3126 2139 3198 longius
2176 3123 2395 3179 dilatata

1371 3210 1671 3281 putatione,
1703 3211 1829 3281 ejus¹
1844 3219 2011 3269 toros,
2030 3206 2088 3259 id
2105 3218 2206 3272 est,
2230 3205 2400 3257 robur

1375 3300 1429 3341 et
1467 3289 1775 3341 firmitatem
1816 3286 2119 3356 pascebant,
2142 3297 2196 3337 et
2244 3302 2403 3354 auge-

1375 3369 1504 3422 bant
1529 3367 1838 3439 priusquam
1868 3363 2225 3418 traducerent.
2262 3366 2397 3417 Du..

1478 3448 1574 3501 31.
1634 3448 1704 3499 Ut
1748 3446 2009 3497 tramitem.
2069 3445 2147 3497 Ut
2198 3443 2397 3497 deduci

1377 3524 1658 3581 commode
1684 3527 1741 3580 in
1764 3525 1994 3579 vicinam
2019 3525 2265 3578 arborem
2288 3540 2403 3594 pos-

1379 3608 1462 3662 sit.
1496 3608 1681 3659 Han.

1463 3687 1558 3741 32.
1599 3684 1658 3739 Sc·
1711 3687 1967 3756 largiatur.
2020 3683 2295 3737 Broterins
2340 3700 2404 3736 ex

1381 3767 1537 3821 MSS.
1564 3768 1699 3838 Reg.
1741 3786 1763 3820 1
1798 3778 1853 3819 et
1882 3784 1907 3818 a
1929 3804 1945 3831 ‚
1970 3767 2022 3817 ni
2050 3765 2317 3834 largiatur,
2352 3776 2407 3815 et
2492 3762 2495 3765 ’

1383 3847 1648 3901 consentit
1675 3846 1859 3899 Chim.
1886 3846 1990 3898 En.

1467 3926 1561 3981 33.
1594 3928 1765 3979 Toros.
1796 3924 2097 3981 crassitiem
2132 3940 2195 3975 ac
2218 3921 2405 3973 robur.

1467 4006 1564 4071 34.
1587 4008 1721 4059 Inter
1750 4007 1853 4059 hoc.
1884 4006 2034 4059 Inter
2058 4000 2327 4055 traducem
2355 4013 2407 4053 et

1384 4086 1751 4157 propaginem.
1776 4084 1953 4137 nra».

1472 4165 1563 4217 35.
1600 4166 1865 4236 Pampanis.
1897 4159 2223 4215 palmitibus.
2256 4158 2327 4209 H.
