3150 5150
1119 447 1256 526 DE
1320 461 1595 530 ΟΡῙΟ.
2286 463 2431 562 649

214 561 217 596 ⁵
293 580 350 634 ad
387 578 660 650 suppressfl
703 575 810 630 bae
847 575 1058 630 ratione
1096 594 1477 650 puerperarum
1527 589 1874 652 purgamenta
1926 579 2253 638 restituenda
2271 622 2286 647 ,
2312 587 2431 642 aliis

287 666 527 723 remediis
552 667 748 719 frus'tra
782 665 1032 730 tentatis,
1071 667 1330 740 proponit
1369 665 1660 721 laudanum
1696 685 1801 723 una
1847 670 2031 725 sa'ltem
2063 671 2179 726 vice
2218 687 2426 728 tentan-

286 758 429 812 dum.
453 757 610 820 «nic,
637 753 811 828 inquit
830 792 847 819 ,
869 753 1166 809 laudanum
1196 757 1590 829 quantumlibet
1616 775 1709 811 sna
1744 757 1929 813 indole
1948 761 2225 833 astringat,
2253 777 2423 834 quum

283 860 456 901 tamen
479 845 760 917 spirituum
799 843 1252 915 perturbationem
1274 884 1291 912 ,
1316 863 1348 898 a
1377 858 1480 916 qua
1519 845 1771 900 solemnis
1809 843 2108 902 lochiorum
2146 852 2441 910 evacuatio,

282 936 454 988 fuerat
497 935 792 1004 interrupta
814 969 831 995 ‚
872 943 1202 1003 compescat,
1255 931 1583 1006 quandoque
1624 933 1919 1006 plurimum
1945 939 2160 1009 juvare,
2213 952 2296 1006 et,
2324 957 2433 992 em-

281 1022 579 1096 menagogis
618 1020 754 1074 nihil
783 1020 1199 1092 proficientibus,
1231 1021 1531 1076 locbiorum
1571 1019 1776 1076 fluxum
1810 1043 2063 1079 revocare
2106 1038 2299 1098 potest.
2342 1028 2435 1082 Se-

275 1111 408 1166 dulo
435 1112 645 1165 interim
683 1109 1218 1164 animadvertendum
1259 1123 1336 1165 est
1373 1111 1569 1184 (pergit
1606 1111 1748 1166 idem
1791 1117 2010 1184 auctor)
2056 1106 2202 1186 quod
2236 1115 2281 1170 si
2326 1121 2431 1173 telo

275 1202 382 1256 hoc
407 1199 566 1255 semel
595 1200 760 1254 miaso
787 1215 1004 1271 scopum
1046 1217 1154 1252 non
1181 1199 1526 1272 attingamus,
1557 1211 1658 1254 nec
1699 1211 1986 1274 sequantur
2008 1201 2187 1258 lochia
2204 1244 2218 1269 ,
2241 1207 2427 1280 opium

271 1289 432 1343 nullo
467 1287 628 1342 modo
662 1298 737 1341 est
775 1286 1186 1359 repetendum.-

359 1382 446 1432 η’
473 1377 666 1450 opium
696 1377 754 1429 in
797 1375 1226 1450 quibuscumque
1253 1376 1486 1440 morbis,
1510 1387 1625 1429 tum
1652 1376 1919 1432 chronicis
1935 1417 1950 1443 ‚
1976 1391 2090 1432 tum
2124 1382 2297 1435 acutis
2322 1401 2427 1436 non

274 1466 456 1520 solum
483 1475 541 1518 ut
567 1464 924 1536 soporiferum
946 1503 962 1526 ,
989 1463 1082 1519 sed
1123 1477 1184 1518 ut
1212 1465 1418 1537 insigne
1445 1466 1678 1521 alternus
1718 1461 2171 1522 medicamentum
2197 1489 2226 1522 a
2262 1467 2432 1544 pluri-

273 1555 384 1606 mis
423 1551 640 1606 medicis
680 1551 1010 1631 praedicatur
1032 1592 1048 1613 ,
1091 1564 1144 1605 et
1192 1552 1300 1608 hoc
1332 1553 1552 1606 nomine
1592 1554 1773 1608 multis
1809 1552 2059 1608 laudibus
2101 1558 2426 1614 cumulatur.

273 1641 480 1695 Verum
524 1657 686 1713 quam
713 1639 878 1694 infida
914 1639 986 1693 ait
1028 1651 1080 1692 et
1120 1638 1351 1695 illusoria
1398 1641 1511 1694 bato
1545 1641 1731 1714 praxis
1774 1642 1923 1696 brevi
1970 1645 2318 1717 experientur
2348 1648 2427 1700 illi

267 1731 374 1803 qui
406 1740 606 1784 natura
637 1721 814 1783 motus
843 1729 901 1782 iu
929 1727 1130 1782 morbis
1163 1748 1263 1802 per
1296 1729 1517 1802 almuod
1555 1739 1765 1803 tempus
1795 1742 1997 1785 attente
2030 1733 2424 1807 perpenderint.

265 1818 482 1890 Opium
523 1817 661 1870 enim
706 1835 817 1870 non
855 1816 1020 1870 modo
1067 1817 1356 1888 fugitivum
1397 1818 1639 1871 levamen
1686 1817 1871 1885 affert,
1919 1833 2277 1892 symptomata
2313 1833 2429 1876 tan-

261 1919 388 1960 tum
414 1904 646 1960 sedando
674 1905 822 1959 brevi
851 1923 1184 1978 regressum,
1213 1908 1411 1960 intacta
1439 1905 1611 1960 morbi
1635 1923 1823 1970 causa,
1860 1905 1954 1961 sed
1994 1909 2152 1961 etiam
2182 1909 2329 1982 sigua
2357 1929 2423 1965 ex

261 1994 468 2066 quibus
503 1991 741 2046 medicus
777 2003 828 2046 et
856 1991 1102 2045 morbum
1127 1990 1438 2064 dignoscere
1456 2030 1473 2056 ‚
1502 2005 1554 2046 et
1580 1991 1926 2047 indicationes
1955 2013 2075 2048 suas
2102 1995 2420 2068 depromere

259 2083 462 2148 debet,
485 2082 651 2154 spissa
677 2082 908 2154 caligine
946 2081 1261 2146 obnubilat,
1291 2082 1393 2135 alia
1427 2091 1480 2134 et
1511 2080 1684 2134 morbi
1732 2101 1947 2154 prorsus
1973 2083 2145 2137 aliena
2181 2099 2418 2158 sympto-

257 2183 417 2226 mata
439 2171 690 2238 suscitat,
736 2182 939 2225 nature
987 2169 1272 2224 conamina
1306 2168 1386 2222 ad·
1413 2169 1589 2223 crisim
1638 2170 2013 2241 perficiendam
2060 2171 2298 2227 infirmat
2336 2177 2419 2230 vel

259 2259 448 2333 potius
489 2259 800 2332 exstinguit,
841 2271 896 2312 et
931 2258 1188 2312 diuturno
1209 2274 1314 2313 usu
1349 2258 1566 2311 morbos
1590 2257 1833 2330 periculo
1869 2277 2065 2314 vacuos
2091 2261 2147 2314 iu
2175 2263 2421 2334 gravissi·

257 2367 386 2402 moa
412 2360 464 2401 et
487 2367 629 2420 supe
664 2347 900 2403 exitiales
939 2347 1224 2402 convertit.
1251 2347 1338 2400 Sic
1373 2347 1634 2419 soporifer
1662 2347 1753 2400 ille
1792 2365 1984 2401 succus
2025 2347 2296 2404 fallacibus
2327 2353 2411 2405 iu-

258 2436 440 2491 dnciis
484 2437 756 2508 egrotanti
803 2447 857 2490 et
897 2435 1114 2490 medico
1155 2436 1444 2508 imponere
1490 2434 1661 2500 solet3
1700 2434 2135 2509 quandoquidem
2192 2439 2415 2495 morbus

258 2536 348 2579 est
382 2537 522 2597 supe
563 2535 766 2579 nature
805 2533 1026 2578 conatus
1064 2521 1132 2577 ad
1179 2525 1485 2597 peccantem
1529 2539 1743 2575 causam
1789 2522 2185 2597 superandam,
2220 2529 2415 2603 etipse

173 2642 182 2659 ε
257 2616 424 2670 dolor
450 2628 528 2671 est
564 2632 974 2691 nonnumquam
1007 2616 1148 2670 illius
1173 2615 1468 2669 conaminis
1505 2614 1757 2678 sensatio,
1787 2614 1883 2669 sed
1920 2616 2111 2690 saepius
2145 2620 2306 2691 partis
2333 2621 2411 2674 as-

255 2707 420 2761 fecta
471 2706 760 2760 stimulatio
816 2706 885 2759 ab
924 2704 1155 2759 humore
1197 2716 1488 2777 peccante,
1532 2721 1637 2777 qua
1682 2716 1871 2759 natura
1908 2704 1980 2759 ad
2011 2706 2156 2761 hanc
2192 2726 2407 2762 causam

254 2794 628 2867 expellendam
663 2794 1006 2849 vehementer
1045 2794 1364 2848 concitatur.
1407 2794 1543 2848 Sane
1582 2793 1673 2848 ille
1708 2796 1898 2848 succus
1939 2793 2163 2849 remedii
2206 2812 2403 2851 nomen

253 2902 376 2937 non
413 2892 668 2947 meretur,
707 2884 802 2957 qui
841 2882 948 2935 hoc
973 2893 1220 2937 naturam
1265 2882 1424 2936 orbat
1461 2882 1826 2936 incitamento.
1873 2880 1959 2936 Sic
1982 2901 2067 2935 ex.
2107 2902 2188 2953 gr.
2224 2882 2279 2936 in
2318 2904 2407 2939 ne-

249 2972 504 3044 phriticis
546 2970 826 3024 doloribus
858 2988 890 3023 a
926 2970 1135 3024 calculo
1179 2980 1416 3023 ureteres
1455 2971 1763 3023 obstruente
1786 2966 2027 3022 oriundis
2054 2988 2165 3023 nou
2193 2970 2407 3026 inutiles

247 3060 514 3115 censendi
559 3070 682 3113 suut
705 3058 917 3113 dolores
950 3058 1144 3131 quibua
1170 3074 1312 3130 aeger
1338 3057 1837 3120 divexatur.,Renes
1870 3057 2009 3110 enim
2028 3097 2045 3123 ‚
2080 3072 2315 3114 ureteres
2356 3076 2413 3115 et

247 3148 490 3203 musculi
533 3147 837 3202 abdominis
895 3144 980 3201 his
1031 3145 1420 3199 irritationibus
1465 3144 1731 3199 sollicitati
1786 3144 1947 3199 modo
1991 3147 2366 3203 convelluntur
2386 3192 2399 3213 ‚

247 3237 428 3292 modo
467 3237 718 3292 laxantur
770 3254 786 3292 :
829 3235 905 3291 sic
953 3236 1274 3309 quandoque
1323 3234 1561 3288 calculus
1606 3234 1905 3288 conteritur
1924 3274 1942 3299 ,
1986 3236 2363 3291 comminuitur
2386 3283 2401 3305 ,

243 3328 344 3381 vel
386 3325 731 3381 vehementer
765 3324 1134 3399 protruditur,
1173 3341 1238 3378 ac
1265 3324 1480 3379 tandem
1517 3323 1716 3377 iteratis
1742 3322 1847 3376 illis
1899 3324 2272 3379 conaminibus
2296 3364 2310 3389 ,
2353 3340 2405 3380 et

245 3414 520 3470 medicina
547 3415 923 3470 obstetricante
937 3452 955 3481 ‚
991 3413 1208 3469 tandem
1235 3413 1290 3465 in
1326 3413 1556 3467 vesicam
1590 3411 1888 3484 expellitur.
1923 3410 2072 3465 Idem
2111 3410 2398 3467 dicendum

243 3502 328 3557 de
354 3504 639 3559 arthriticis
671 3502 944 3557 doloribus
967 3524 981 3555 ε
1011 3502 1214 3556 humor
1241 3500 1383 3555 enim
1411 3500 1465 3553 iu
1499 3500 1860 3572 peculiaribus
1886 3499 2225 3554 articulorum
2264 3504 2401 3556 vasis

241 3603 538 3647 00an
575 3604 630 3648 et
661 3592 864 3646 herens
891 3591 958 3645 ab
985 3590 1187 3645 irn‘tata
1215 3602 1267 3643 et
1293 3586 1620 3643 inflammata
1645 3598 1797 3660 parte
1828 3587 2080 3660 paulatim
2112 3590 2403 3645 conteritur

247 3692 312 3735 et
335 3682 626 3736 resolvitur
647 3702 664 3749 3
688 3681 762 3735 ita
789 3692 850 3733 ut
875 3678 1088 3733 tandem
1124 3695 1190 3732 ex
1217 3676 1510 3730 minoribus
1543 3674 1599 3728 in
1626 3677 1825 3749 majora
1856 3689 1977 3729 vasa
1998 3672 2371 3731 transvehatur
2390 3721 2404 3743 ,

247 3768 345 3823 vel
378 3783 411 3823 a
433 3770 608 3823 calore
632 3770 800 3844 partis
827 3780 923 3842 per
963 3767 1204 3822 dolorem
1231 3779 1457 3820 accenso
1476 3762 1733 3817 blandam
1762 3763 2023 3837 concipiat
2052 3766 2400 3819 effervescen-

247 3858 390 3911 tiam
411 3872 522 3931 qua
550 3858 766 3911 >tenuior
791 3858 854 3911 {it
882 3867 941 3911 et
965 3874 1062 3929 per
1090 3855 1224 3909 eutis
1248 3869 1412 3932 poros
1431 3850 1769 3926 per-spirandi
1808 3870 1989 3921 capax.
2021 3852 2075 3907 Si
2101 3852 2156 3905 in
2183 3852 2265 3907 bia
2288 3856 2397 3927 opii

247 3959 392 3999 usus
443 3944 637 4000 noxius
663 3984 680 4011 ,
709 3946 844 4019 quid
881 3946 939 3999 in
981 3943 1132 3999 aliis?
1173 3946 1387 3999 Frustn
1430 3942 1635 3996 felicem
1671 3940 2023 4013 opiaticorum
2068 3939 2399 3997 medicorum

247 4034 470 4105 praxim
491 4034 648 4088 nobia
678 4042 978 4105 opponunt.
1005 4031 1351 4087 Attendamus
1376 4024 1759 4103 aliquantisper
1782 4028 1849 4082 ad
1876 4043 2061 4081 eorum
2088 4028 2397 4083 methodum

251 4119 520 4175 medendi
557 4133 639 4177 tot
669 4123 884 4177 acribus
917 4119 1347 4185 medicamentis,
1388 4116 1716 4191 spirituosia,
1745 4116 2169 4181 stimulantibus,
2203 4117 2401 4173 salibus

425 4224 553 4293 VI.
1986 4220 2089 4304 42
