3150 5150
777 524 872 607 84
1177 607 1182 612 ἱ
1325 521 1400 586 C.
1457 465 1783 586 PLINII
1842 518 2045 585 NAT.
2108 519 2352 586 HIST.

776 654 1026 725 stravit.
1059 653 1138 720 In
1166 653 1430 745 aquosis
1457 651 1634 719 enim
1672 674 1883 744 neque
1916 647 2084 716 altos
2107 699 2125 732 ,
2156 674 2368 743 neque
2396 651 2651 747 amplos
2691 653 2914 726 facere

722 827 731 838 ,
777 759 1125 855 expediet:
1161 755 1394 826 aliter
1378 782 1444 824 in
1467 769 1753 824 aestuoso
1782 753 1924 824 solo
1960 767 2027 824 et
2054 756 2263 840 siccO,
2292 771 2367 826 ut
2388 783 2585 852 quam
2622 765 2915 832 maxime

779 867 1108 960 accipiant
1151 887 1428 981 aquam,
1463 863 1999 955 contineantque.
2054 864 2211 931 Haec
2240 877 2311 933 et
2342 878 2598 936 veteres
2636 869 2917 938 arbores

779 969 1035 1042 colendi
1057 970 1228 1038 ratio
1245 984 1362 1038 est.
1389 968 1823 1036 Ferventibus
1841 969 2013 1036 enim
2036 965 2197 1036 locis
2212 959 2669 1041 accumulant³
2688 990 2917 1045 aestate

781 1079 1033 1148 ladices
1043 1077 1549 1213 operiuntque,
1594 1099 1677 1142 ne
1726 1072 1881 1144 solis
1926 1073 2129 1142 ardor
2179 1090 2428 1144 exurat.
2478 1076 2701 1148 Aliubi
2740 1081 2921 1150 abla-

719 1213 728 1222 ·
785 1169 1092 1280 queant⁴,
1135 1181 1583 1276 perflatusque
1630 1180 2006 1248 admittunt.
2052 1180 2259 1249 lidem
2294 1181 2511 1252 hieme
2551 1185 2837 1256 cumulis
2878 1212 2919 1256 a

789 1289 940 1386 gelu
970 1289 1324 1358 vindicant.
1365 1289 1617 1356 Contra
1652 1272 1771 1355 illi⁵
1806 1287 2025 1356 hieme
2058 1288 2391 1380 aperiunt,
2430 1289 2921 1388 humoremque

789 1396 1157 1466 sitientibus
1201 1408 1524 1521 quaerunt.
1582 1393 2007 1487 Ubicumque
2053 1393 2599 1466 circumfodiendi
2644 1399 2921 1470 arbores

787 1505 954 1572 ratio
984 1503 1052 1571 in
1077 1501 1358 1570 circuitu
1357 1485 1641 1592 ⁶'pedes
1624 1523 1691 1566 ιιι
1722 1499 1950 1567 orbem
1980 1513 2231 1568 ternos·
2217 1524 2464 1594 ‚neque
2496 1502 2609 1572 id
2592 1529 2658 1571 in
2690 1508 2919 1601 pratis,

787 1608 1052 1704 quando
1075 1629 1301 1676 amore
1331 1603 1484 1674 solis
1507 1605 1977 1700 humorisque
1961 1631 2029 1672 m
2048 1630 2305 1676 summa
2328 1605 2561 1678 tellure
2578 1611 2921 1682 oberrant.

788 1719 878 1785 Et
917 1715 1002 1784 de
1045 1711 1393 1782 arboribus
1428 1711 1572 1780 haec
1615 1710 1879 1803 quidem
1926 1709 2179 1781 fructus
2219 1715 2428 1807 gratia
2474 1717 2771 1788 serendis
2816 1721 2921 1786 in-

793 1819 1268 1912 serendisque
1252 1843 1320 1885 in
1361 1818 1745 1885 universum
1784 1819 1913 1887 sint
1950 1817 2147 1886 dicta

897 1927 1192 1996 XXXII.
1242 1911 1424 2013 (xx.)
1467 1925 1641 1990 Hinc
1674 1937 1876 1992 restat
1916 1948 2142 1992 earum
2184 1925 2422 2013 ratio¹,
2464 1953 2613 2021 quae
2648 1946 2925 2025 propter

793 2035 952 2104 alias
983 2045 1316 2114 seruntur,
1353 2053 1430 2097 ac
1467 2030 1693 2097 vineas
1722 2031 2037 2116 maxime,
2083 2031 2312 2100 caeduo
2342 2031 2540 2126 ligno.
2576 2037 2925 2164 ²Principa-

795 2157 936 2210 tum
965 2141 1031 2208 in
1061 2139 1138 2207 iis
1166 2137 1468 2206 obtinent
1502 2133 1731 2204 salices
1755 2159 2081 2229 ,quarum
2112 2139 2277 2206 satio
2306 2138 2382 2208 fit
2408 2137 2596 2209 loco'
2626 2143 2921 2213 madido:

795 2264 1018 2316 tamen
1065 2227 1347 2314 refosso³
1391 2241 1558 2310 duos
1593 2240 1796 2334 pedes
1834 2255 1901 2310 et
1939 2241 2375 2336 semipedem,
2426 2235 2638 2318 talen⁴
2678 2254 2923 2344 sesqui·

877 2457 934 2510 3.
986 2455 1324 2509 Accumulant.
1393 2453 1818 2507 Accumulantur
1909 2459 1994 2507 tio.
2048 2455 2203 2538 Mss.
2232 2457 2361 2528 neg.
2399 2459 2554 2514 Colb.
2582 2465 2745 2526 natio,
2786 2461 2929 2518 haud

797 2552 938 2593 terra
975 2534 1196 2589 radices.
1223 2533 1420 2586 ‘Graeci
1463 2536 1817 2605 προσχωννὺιιν
1907 2535 1981 2589 ita
2007 2535 2242 2603 sincere,
2272 2549 2328 2591 ut
2354 2557 2551 2593 remur.
2584 2540 2771 2595 Han.

799 2628 1016 2681 vocant,
1062 2627 1123 2668 ut
1169 2612 1566 2685 Theophrastus
1595 2633 1645 2666 a·
1668 2614 1822 2667 nobis

797 2695 1068 2756 laudatus,
1097 2712 1216 2765 cap.
1243 2694 1332 2746 ²8.
1362 2692 1541 2745 Ham).

883 2783 934 2840 4.
965 2774 1140 2827 Αἱὶιιόι·
1157 2772 1459 2845 ablaqueant.
1485 2773 1701 2825 Circum
1738 2792 1820 2825 ra-

799 2856 942 2909 dices
956 2867 1092 2909 terra
1115 2850 1336 2913 foditur,
1351 2864 1412 2904 ut
1438 2851 1540 2905 111ae
1556 2870 1677 2905 aere
1696 2870 1823 2906 ven·

801 2938 971 3008 tisque
998 2932 1308 3005 perfleutur.
1337 2930 1518 2985 Hum.

885 3016 938 3069 5.
963 3012 1149 3068 Contra
1178 3012 1254 3063 mi
1287 3011 1433 3062 hieme
1457 3014 1708 3087 aper-ime,
1735 3012 1823 3063 lm-

803 3114 1098 3167 moremque,
1135 3104 1237 3145 etc.
1291 3091 1576 3144 Columell.
1628 3092 1725 3145 lib.
1753 3091 1826 3156 V,

802 3195 849 3229 ο,
875 3175 905 3229 5
927 3194 944 3229 ²
965 3200 988 3222 ι
1010 3172 1120 3226 Ubi
1141 3171 1340 3223 semina
1353 3173 1460 3241 jam
1485 3172 1824 3225 corroborata

803 3255 1001 3308 suerint
1017 3292 1033 3317 ,
1075 3250 1208 3305 nihil
1253 3249 1479 3303 dubium
1521 3263 1600 3303 est
1629 3291 1645 3314 ,
1694 3251 1827 3323 quin

806 3332 1101 3387 caelestibus
1125 3330 1274 3401 aquis
1302 3330 1595 3401 plurimum
1633 3332 1828 3403 juven-

807 3427 912 3467 tur.
939 3413 1128 3481 Itaque
1166 3410 1296 3463 locis
1315 3411 1513 3481 quibus
1551 3410 1831 3463 clementie

806 3492 999 3546 hiemis
1039 3489 1300 3560 permittit
1317 3530 1332 3553 ,
1379 3488 1655 3559 adapertas
1696 3490 1831 3542 vites

807 3573 1135 3641 relinquere,
1149 3581 1202 3622 et
1222 3580 1333 3621 tota
1358 3569 1532 3621 hieme
1551 3568 1831 3639 ablaquea-

809 3664 886 3703 tas
911 3649 1108 3703 habere
1133 3648 1434 3701 conveniet.
1455 3672 1478 3693 ι
1510 3648 1691 3701 Huni.

891 3733 946 3783 6.
969 3730 1026 3781 In
1048 3730 1249 3779 ce'mm‘tu
1273 3727 1432 3796 pedes.
1456 3729 1524 3779 Τὸ
1548 3731 1599 3778 in
1615 3730 1833 3792 circuitu,

810 3822 942 3883 puto
971 3808 1064 3861 hic
1089 3823 1476 3877 supervacuum
1503 3824 1643 3869 esse,
1664 3824 1831 3877 quum

811 3888 962 3943 verbi
1011 3885 1399 3952 circumfodiendi
1427 3884 1745 3955 significatio
1774 3886 1831 3939 id

813 3970 936 4023 satis
955 3966 1195 4037 explicet.
1217 3967 1420 4018 Dnnxc.
1437 3994 1518 4005 —·-
1532 3966 1593 4017 In
1614 3969 1831 4019 circuitu.

815 4048 966 4103 MSS.
997 4050 1047 4099 in
1077 4048 1339 4097 circuitum.
1377 4042 1557 4097 Helio.

897 4127 1126 4182 XXXII.
1163 4144 1209 4179 ι.
1239 4124 1373 4178 Hinc
1397 4137 1728 4177 testaceorum
1760 4146 1837 4177 ra·

1994 2636 2044 2669 2.
2074 2617 2204 2670 Loco
2235 2618 2444 2672 madido.
2470 2618 2616 2675 Vide
2642 2642 2766 2693 quoe
2793 2622 2931 2677 dicta

1908 2709 2029 2749 sunt
2049 2696 2165 2765 cap.
2197 2696 2283 2750 30.
2306 2696 2488 2753 Hxnn.

1996 2774 2046 2826 3.
2090 2778 2270 2828 Tamen
2316 2780 2493 2845 refosso
2538 2780 2659 2833 duos
2698 2783 2847 2853 pedes
2884 2797 2933 2835 et

1912 2855 2209 2925 semipedem.
2238 2856 2561 2913 'Columella‘
2582 2861 2712 2915 item
2755 2860 2825 2917 de
2862 2864 2934 2916 vi·

1914 2934 2096 2987 minali
2134 2936 2327 3000 salice,
2378 2938 2474 2992 lib.
2516 2940 2618 3006 IV,
2662 2959 2785 3013 cup.
2832 2944 2932 2997 30:

1921 3014 2042 3067 ulta
2068 3015 2209 3066 enim
2254 3016 2577 3087 praecipiunt
2616 3020 2843 3075 Veteres
2881 3023 2933 3075 iu

1914 3094 2049 3145 duos
2076 3093 2235 3164 pedes
2274 3108 2327 3148 et
2347 3098 2608 3151 semissem
2636 3100 2826 3157 salicto
2850 3101 2933 3155 de-

1914 3171 2163 3226 stinatum
2192 3175 2429 3228 solutum·
2464 3176 2649 3232 Hnm.

1998 3258 2051 3314 4.
2096 3254 2300 3307 Talea..
2320 3256 2661 3327 ,velpertim.
2690 3260 2935 3395 Utroquet

1916 3330 2059 3383 enim
2100 3331 2262 3385 modo
2304 3336 2498 3389 seritur
2542 3338 2851 3406 viminalis,

1918 3428 2039 3463 mox
2063 3410 2294 3466 dicetur.
2326 3414 2395 3467 Et
2424 3412 2494 3469 de
2520 3436 2585 3470 eo
2612 3438 2812 3489 genere
2843 3422 2939 3475 Co-

1917 3490 2161 3554 lum’elln,
2190 3492 2282 3546 lib.
2306 3494 2406 3555 IV,
2439 3513 2554 3567 cap.
2584 3497 2697 3551 30:
2730 3502 2939 3571 -Atque

1918 3568 2029 3631 hae,
2059 3570 2267 3643 inquit,
2296 3574 2381 3625 vel
2420 3579 2821 3646 cacuminibus,
2862 3581 2935 3631 vel

1918 3647 2065 3702 taleis
2085 3649 2443 3723 deponuntur.
2467 3654 2691 3711 Perticae
2716 3660 2938 3722 cacumi-

1920 3746 2051 3781 num
2080 3730 2302 3783 modicae
2323 3733 2693 3803 plenitudinis,
2726 3758 2847 3811 quae
2866 3752 2937 3791 ta-

1922 3826 2049 3861 men
2077 3808 2403 3881 dipondiarii
2432 3816 2664 3869 orbiculi
2698 3818 2939 3872 crassitu-

1922 3886 2105 3941 dinem
2132 3908 2242 3942 non
2266 3890 2549 3960 excedant,
2576 3898 2784 3967 optime
2816 3918 2939 3969 pan-

1922 3978 2140 4038 guntur.
2162 4008 2175 4021 .
2194 3970 2393 4025 ‚Talem
2420 3976 2819 4047 sesquipedalea
2844 3992 2941 4031 ter-

1924 4066 2057 4100 reno
2082 4048 2340 4103 immersae
2363 4054 2665 4123 paullulum
2711 4060 2939 4113 obruun-

1924 4140 2032 4182 tur.
2050 4154 2071 4175 ο
2099 4128 2282 4182 ΗΑΒ».
