3150 5150
1108 453 1241 521 DE
1293 451 1562 521 omo,
2253 451 2398 548 647

224 571 565 626 ciliaudum
609 583 661 625 et
718 569 927 624 dolores
966 568 1345 624 demulcendos
1368 607 1383 632 ,
1434 571 1626 622 frustra
1665 569 1814 622 illam
1856 569 1968 622 vim
2016 568 2302 624 auodinam
2347 587 2405 626 et

224 661 611 714 somniferam
642 658 912 730 corrigere
937 659 1019 711 vel
1051 658 1294 710 minuere
1328 669 1549 712 tentant.
1578 657 1901 730 sibimetipsi
1931 659 2179 712 conia-arii
2205 660 2404 715 somni·

232 751 445 802 ferum
472 759 763 818 expetunt,
806 746 1155 801 somniferum
1194 748 1422 810 timent;
1454 745 1804 799 somniferum
1837 747 2114 818 ingerunt,
2149 759 2200 800 et
2239 747 2370 800 illud
2391 786 2408 810 ,

232 839 291 888 si
319 847 553 908 possent
577 873 594 899 ‚
618 837 732 907 ejus
760 835 953 888 virtute
979 831 1271 906 soporifera
1309 833 1617 903 spoliarent.
1643 832 1790 885 Nihil
1813 831 2062 905 equidem
2089 834 2146 888 in
2171 835 2296 908 opio
2325 856 2414 890 ve-

238 925 401 978 neni
430 922 742 977 reconditur
774 935 972 994 preter
998 920 1139 974 hanc
1174 922 1463 989 virtutem3
1492 939 1602 974 non
1623 920 1788 993 igitur
1810 921 2132 976 correctime
2159 942 2291 996 opus
2309 939 2410 978 est.

241 1013 393 1066 Sola
427 1011 671 1084 purgatio
702 1031 731 1063 a
764 1009 1033 1070 sordibus,
1068 1020 1239 1074 terra,
1264 1027 1426 1063 arena
1458 1023 1553 1063 aut
1591 1009 1706 1062 aliis
1733 1009 2182 1082 inquinamentis,
2216 1013 2410 1084 quibus

244 1111 693 1171 conspurcatum
731 1095 799 1150 ad
826 1115 922 1150 uos
954 1096 1087 1149 solet
1114 1097 1421 1168 pervenire,
1450 1097 1768 1168 requiritur;
1797 1097 2042 1169 nihilque
2065 1098 2134 1152 ab
2155 1117 2222 1152 eo
2245 1100 2414 1153 refor-

250 1187 595 1242 midandum
614 1225 631 1253 ,
653 1185 813 1240 modo
837 1187 973 1257 justa
1012 1183 1131 1238 dosi
1158 1197 1212 1238 et
1232 1185 1332 1238 rite
1360 1184 1692 1238 exhiheatur.

342 1276 617 1347 Purgatur
641 1285 821 1326 autem
859 1291 889 1323 a
915 1271 1193 1336 sordibus,
1236 1271 1353 1333 vel,
1398 1283 1457 1324 ut
1490 1271 1670 1332 aiunt,
1716 1283 2039 1342 preparatur
2063 1270 2322 1324 solutione
2357 1273 2414 1323 in

256 1365 493 1436 liquore
525 1363 715 1434 quovis
739 1360 934 1413 idoneo
960 1372 1013 1412 et
1049 1358 1464 1412 transcolatione.
1490 1358 1642 1430 Saepe
1663 1358 1898 1412 colatura
1931 1372 2167 1413 servatur
2191 1371 2243 1412 et
2268 1360 2418 1414 exhi·

262 1453 443 1506 betur
474 1470 570 1522 per
592 1460 767 1522 guttas
793 1449 894 1502 sub
922 1447 1135 1500 nomine
1162 1448 1513 1500 tincturarum
1545 1447 1656 1520 opii
1685 1448 1768 1499 vel
1792 1443 2004 1499 laudaui
2031 1445 2224 1520 liquidi
2247 1466 2412 1500 :non-

266 1557 578 1611 numquam
599 1537 760 1591 etiam
782 1536 959 1609 liquor
979 1534 1046 1588 ad
1076 1534 1291 1588 extracti
1312 1532 1466 1587 solidi
1491 1534 1874 1588 consistentiam
1907 1535 2194 1588 exsiccatur
2208 1575 2224 1601 ‚
2239 1547 2292 1588 et
2316 1537 2418 1588 sub

270 1630 467 1682 forma
499 1627 789 1698 pilularum
821 1625 901 1677 vel
929 1623 1161 1696 pulveris
1185 1623 1477 1676 exhibetur.

356 1714 564 1786 Opium
590 1732 717 1767 vero
742 1731 863 1766 cum
892 1729 1029 1784 aqua
1072 1722 1425 1783 praparstum
1460 1708 1702 1762 omnium
1730 1707 2046 1763 tutissimum
2073 1721 2126 1762 et
2165 1709 2420 1764 efficacis·

275 1805 485 1858 simum
514 1819 791 1855 censemus
824 1818 944 1853 cum
986 1797 1288 1852 doctissimo
1332 1796 1616 1861 Wedelio,
1649 1808 1700 1850 et
1745 1797 2060 1869 peritissimo
2096 1796 2341 1870 chymico
2369 1812 2422 1852 et

280 1891 507 1944 medico
546 1890 747 1944 Jacobo
771 1889 849 1940 Lu
869 1889 1052 1940 Mon.
1084 1887 1229 1940 Nihil
1256 1886 1399 1939 enim
1424 1905 1488 1939 ex
1507 1885 1614 1939 hoc
1645 1897 1913 1938 menstruo
1935 1884 2420 1957 pertimescendum

282 1991 369 2032 est
391 1996 410 2042 3
436 1991 488 2031 et
515 1979 693 2048 opium
730 1976 809 2029 sic
842 1986 1196 2047 proparatum
1224 1992 1331 2026 non
1370 1974 1539 2027 solum
1565 1973 1929 2044 heterogeneis
1963 1972 2204 2045 partibus
2229 1992 2420 2047 purga·

287 2078 417 2130 tur,
444 2064 541 2118 sed
566 2064 723 2118 etiam
748 2081 844 2117 sua
872 2061 1042 2114 resina
1079 2061 1349 2114 nonnullis
1378 2057 1598 2114 medicis
1621 2059 2014 2113 reformidanda
2039 2060 2321 2132 spoli-tun
2349 2061 2422 2116 ita

290 2166 355 2207 ut
377 2151 527 2226 apud
551 2152 813 2205 loannem
839 2153 1007 2204 Jonas
1042 2149 1315 2203 medicum
1340 2147 1732 2202 Londinensem
1753 2185 1770 2210 ‚
1808 2148 2062 2202 Tractatu
2088 2149 2312 2220 Anglico
2353 2149 2423 2204 de

292 2241 527 2296 detectis
554 2239 665 2312 opii
694 2239 952 2313 mysteriis
969 2275 985 2300 ,
1014 2236 1128 2290 hae
1161 2236 1393 2292 tinctura
1417 2234 1669 2289 Panaceae
1697 2235 1848 2288 titulo
1875 2234 2205 2309 insigniatur.
2229 2239 2431 2291 Revera

294 2327 735 2402 quandoquidem
775 2336 977 2380 constat
1002 2325 1187 2396 opium
1226 2342 1336 2377 non
1368 2341 1479 2376 esse
1506 2321 1758 2394 frigidum
1777 2361 1796 2384 ,
1824 2341 1922 2377 nec
1947 2324 2264 2396 sanguinem
2302 2343 2428 2379 coa·

299 2418 520 2490 gulare,
561 2429 620 2470 ut
650 2415 907 2488 putabant
938 2415 1159 2466 Veteres
1178 2450 1194 2474 ‚
1232 2410 1362 2482 quid
1402 2429 1537 2483 opus
1570 2423 1650 2464 est
1685 2422 1762 2464 tot
1787 2409 1968 2464 calidis
2005 2422 2093 2464 aut
2127 2413 2430 2466 aromaticis

298 2505 611 2560 substantiis
634 2503 959 2578 quibuscum
985 2498 1275 2554 consociari
1292 2499 1463 2552 solet?
1488 2501 1567 2550 An
1595 2495 1660 2551 ad
1682 2497 1974 2573 juvandam
1998 2499 2110 2572 opii
2142 2499 2436 2556 virtutem?

300 2594 415 2649 Sed
448 2613 657 2667 queso,
696 2591 827 2664 quid
872 2591 1057 2663 opium
1094 2589 1383 2663 adjumenti
1420 2587 1656 2659 recipere
1699 2599 1868 2659 potest
1908 2607 1940 2642 a
1974 2608 2168 2655 croco,
2193 2604 2434 2646 castoreo

216 2718 245 2733 ·
302 2698 399 2740 aut
435 2685 636 2739 coeteris
662 2681 985 2736 ”omatibus
1029 2680 1222 2753 quibus
1253 2680 1413 2752 longe
1454 2692 1670 2751 prostat
1689 2718 1704 2743 ,
1738 2691 1851 2732 tum
1883 2679 1950 2733 ad
1999 2700 2240 2753 soporem
2281 2682 2436 2736 indu-

305 2773 539 2831 cendum
560 2812 575 2837 ,
604 2788 717 2827 tum
757 2772 823 2827 ad
850 2770 1066 2825 sudores
1102 2770 1409 2825 movendos.
1448 2770 1580 2823 Aliis
1605 2788 1823 2843 quoque
1850 2769 1919 2824 de
1961 2772 2128 2827 causis
2173 2774 2286 2827 haee
2322 2792 2440 2827 aro·

307 2874 451 2917 mats
480 2863 537 2915 in
577 2860 1044 2934 preparationibus
1079 2859 1279 2921 usitatis
1319 2876 1351 2912 a
1387 2857 1664 2912 nonnullis
1707 2857 2060 2913 admittuntur
2079 2898 2096 2923 ,
2131 2860 2329 2915 scilieet
2368 2860 2437 2915 ad

309 2954 543 3004 virosum
580 2950 693 3021 opii
735 2947 954 3001 odorem
1002 2945 1391 3001 emendandum
1411 2986 1426 3009 ,
1464 2946 1547 2998 vel
1595 2946 1755 3000 etiam
1787 2944 1853 2999 ad
1894 2944 2029 2999 illud
2055 2948 2220 3019 magis
2259 2960 2438 3003 exten-

308 3038 549 3095 dendum
566 3077 581 3101 ,
608 3049 664 3090 ut
692 3036 902 3091 facilius
945 3036 1001 3089 in
1042 3054 1231 3107 parvas
1254 3034 1408 3089 doses
1431 3034 1796 3088 distribuatur.
1825 3032 2081 3087 Eamdem
2117 3036 2189 3088 ob
2230 3054 2442 3092 causatu

312 3146 531 3201 quoque
562 3128 865 3181 Smusum
889 3124 1070 3195 opium
1096 3121 1361 3195 liquidum
1396 3133 1630 3175 extracto
1665 3122 1810 3173 sicco
1837 3122 2143 3193 anteponit,
2161 3123 2308 3196 quod
2329 3142 2447 3196 gra-

316 3234 447 3270 num
498 3233 665 3268 unum
708 3212 816 3285 opii
861 3211 1094 3265 solutum
1151 3208 1357 3264 facilius
1406 3210 1459 3261 in
1508 3207 1812 3279 quindecim
1855 3209 1938 3261 vel
1983 3210 2170 3281 viginti
2214 3212 2446 3283 guttulas

319 3301 619 3364 dividatur,
663 3318 825 3373 quam
862 3311 1157 3353 extractum
1200 3298 1397 3351 siccum
1428 3298 1485 3349 in
1511 3296 1702 3367 viginti
1737 3307 1908 3369 partes
1941 3297 2093 3369 grani
2139 3300 2315 3353 unius.

392 3389 679 3444 Recensitis
704 3388 815 3459 opii
844 3386 1319 3460 praeparationibus
1356 3384 1684 3458 frequentius
1731 3384 1933 3438 usitatis
1951 3423 1966 3447 ‚
2015 3404 2160 3439 nunc
2201 3386 2446 3459 quedam

324 3478 522 3533 monita
548 3478 686 3531 circa
712 3475 853 3529 illius
878 3492 1033 3529 usum
1060 3490 1403 3546 exponamus.

400 3566 453 3618 1⁰
480 3565 739 3619 Tinctura
754 3576 859 3631 ‚aut
878 3574 1179 3617 extractum
1205 3561 1317 3632 opii
1338 3578 1458 3613 cum
1485 3559 1668 3630 aqueis
1699 3560 1980 3613 menstruis
2003 3574 2325 3633 preparata,
2347 3580 2448 3617 cn·

328 3654 451 3708 teris
475 3650 943 3725 praeparationibus
980 3660 1245 3722 prostant.
1521 3720 1526 3725 .

401 3746 457 3794 2⁰
481 3740 611 3811 opii
646 3741 889 3793 tinctura
916 3750 971 3792 et
998 3750 1233 3791 extracta
1258 3736 1491 3789 resinosa
1520 3754 1643 3787 cum
1675 3734 1867 3807 spiritu
1898 3735 2011 3789 vini
2035 3748 2330 3809 praeparata
2366 3756 2449 3791 re-

329 3830 595 3901 jiciuntur.
620 3827 902 3881 Intensiori
924 3825 1067 3879 enim
1093 3825 1143 3875 vi
1172 3822 1439 3877 narcotica
1465 3820 1734 3877 donantur
1752 3859 1769 3884 ‚
1790 3834 1949 3895 caput
1976 3836 2222 3895 gravant,
2245 3824 2456 3897 sangui·

335 3936 455 3971 nem
492 3929 545 3969 et
579 3914 793 3988 spiritus
836 3914 1195 3975 inflammant,
1238 3926 1642 3981 nonnumquam
1686 3909 1840 3963 etiam
1879 3911 2162 3964 ventriculi
2199 3913 2456 3965 membra-

340 4006 417 4059 nis
456 4004 763 4067 inhairent3
820 4002 997 4072 ibique
1047 4000 1327 4073 gravitates
1348 4038 1363 4063 ,
1412 4016 1634 4053 nauseas
1656 4039 1672 4064 ,
1721 3998 1976 4069 singultus
2037 4010 2091 4051 et
2147 3998 2460 4051 vomitiones

341 4106 580 4147 excitant.
