3150 5150
772 599 873 720 69
1153 670 1160 698 ,
1305 605 1382 673 c.
1436 601 1780 673 PL1N11
1832 603 2050 673 NAT.
2108 603 2359 671 msfr.

773 709 966 828 genio
994 733 1298 804 arborem
1325 734 1520 806 aliam
1549 735 1746 833 longe
1770 761 1811 806 a
1842 734 2075 806 tellure
2103 733 2431 804 faciendi.
2468 731 2705 803 eodem
2723 785 2744 820 ,
2772 757 2903 826 quo

775 863 1014 934 supra,
1056 839 1300 910 biennii
1349 843 1564 937 spatio
1612 843 1899 914 abscissa
1940 841 2340 960 propagine,
2386 854 2454 910 et
2494 863 2649 908 cum
2692 837 2907 968 qualis

775 944 900 1014 illis
939 960 1100 1016 sata.
1148 947 1392 1016 Sabina
1435 949 1647 1018 herba
1678 950 2041 1045 propagine
2084 947 2325 1018 seritur
2368 961 2439 1014 et
2488 930 2904 1014 avulsioneffi

771 1050 1070 1122 Tradunt
1106 1051 1264 1123 faece
1299 1054 1475 1141 vini,
1519 1069 1637 1124 aut
1676 1080 1715 1124 e
1754 1054 2113 1150 parietibus
2150 1051 2353 1122 latere
2396 1065 2547 1121 tuso
2582 1051 2753 1119 mire
2796 1048 2905 1118 ali.

771 1157 1012 1226 lisdem
1043 1158 1258 1228 modis
1281 1161 1716 1231 rosmarinum
1742 1160 2001 1248 seritur,
2016 1175 2085 1229 et
2109 1158 2658 1276 ramozquoniam
2682 1157 2905 1225 neutri

773 1263 1054 1339 semeni’.
1091 1265 1674 1355 Rhododendron‚
1699 1261 2061 1363 propagine
2086 1279 2158 1335 et
2176 1265 2441 1335 semine.

879 1372 1104 1440 XXII.
1133 1365 1342 1460 (xw.)
1377 1374 1639 1442 Semine
1676 1370 1982 1468 quoque¹
2028 1373 2317 1441 inserere
2356 1383 2593 1439 natura
2636 1365 2905 1447 docuit,

776 1477 1018 1569 raptim
1071 1477 1292 1546 avium
1346 1477 1520 1548 fame
1563 1477 1918 1564 devorato,
1962 1475 2302 1572 solidoque
2323 1524 2344 1560 ,
2386 1489 2453 1546 et
2496 1473 2628 1544 alvi
2672 1487 2907 1567 tepore

775 1580 1082 1671 madido,
1106 1607 1262 1652 cum
1279 1583 1564 1654 fecundo
1587 1584 1726 1653 fimi
1746 1584 2179 1654 medicamine
2202 1581 2506 1675 abjecto
2487 1605 2558 1648 m
2590 1577 2908 1648 mollibus

773 1686 1090 1758 arborum
1119 1686 1438 1774 lecticis²,
1472 1705 1541 1759 et
1575 1691 1789 1760 ventis
1828 1713 1999 1784 saepe
2036 1687 2411 1758 translato
2392 1711 2461 1756 ιιι
2472 1684 2745 1818 ³aliquas
2772 1710 2909 1755 cor-

775 1794 978 1864 ticum
1015 1797 1264 1864 rimas·
1298 1793 1474 1866 unde
1513 1793 1797 1866 vidimus
1834 1818 2133 1866 cerasum
2165 1795 2232 1862 in
2268 1777 2523 1880 salice³‚
2561 1791 2906 1886 platanum

775 1900 843 1967 in
885 1897 1112 1984 lauro,
1153 1898 1413 1970 laurum
1453 1903 1522 1970 in
1565 1925 1828 1989 ceraso,
1880 1915 1954 1971 et
1995 1899 2235 1970 baccas
2280 1897 2473 1970 simul
2522 1896 2904 1966 discolores.

774 2004 1074 2074 Tradunt
1115 2018 1184 2076 et
1231 2006 1653 2076 monedulam
1690 2007 2087 2077 condentem
2134 2006 2383 2075 semina
2432 2005 2503 2072 in
2555 2003 2909 2074 thesauros

775 2134 1212 2180 cavernarum
1247 2112 1540 2205 ejusdem
1587 2113 1683 2182 rei
1722 2111 2017 2208 praebere
2056 2135 2305 2183 causas.

879 2218 1140 2287 XXIII.
1229 2219 1401 2288 Hinc
1447 2233 1605 2289 nata
1650 2209 2084 2303 inoculatio¹{
2134 2218 2398 2288 sutoriae
2452 2214 2645 2286 simili
2713 2215 2903 2287 fistu-

861 2399 914 2451 8.
960 2399 1237 2453 Arabiane.
1301 2401 1382 2454 De
1421 2417 1526 2472 qua
1556 2401 1790 2456 diximus

772 2494 889 2547 cap.
919 2494 978 2546 9.
1007 2478 1190 2533 Ηιιιιι.

855 2574 908 2626 9.
939 2557 1113 2613 Neam-i
1128 2577 1299 2613 semen.
1314 2557 1538 2613 Fallitur
1561 2559 1785 2616 Plinius.

773 2636 966 2690 Sabina
991 2637 1246 2692 baccifera
1270 2651 1348 2691 est
1371 2656 1386 2691 :
1411 2657 1591 2693 sem·-
1610 2653 1787 2695 autem

771 2717 1098 2771 rosmarinus
1115 2718 1267 2788 gerit.
1295 2718 1503 2772 Dauo.

849 2793 1029 2850 XXII.
1081 2816 1129 2850 1.
1176 2794 1363 2849 &mine
1400 2817 1585 2871 quoque
1612 2838 1629 2860 ,
1695 2810 1785 2851 etc.

770 2875 1087 2929 Insitionum
1105 2875 1164 2930 hi
1188 2877 1296 2930 fere
1315 2890 1442 2930 sunt
1457 2876 1632 2941 modi,
1659 2878 1787 2931 Ino·

769 2954 1001 3020 culatio,
1053 2968 1107 3009 et
1146 2974 1264 3027 qua
1309 2957 1514 3027 generis
1565 2957 1787 3011 nomine

767 3034 1069 3105 appellatur
1102 3036 1309 3090 Inuitio.
1345 3036 1642 3089 lnoculatio
1662 3028 1787 3105 (lvo-

767 3110 1103 3186 φθαιλμισμὸς)
1142 3133 1310 3187 eaque
1342 3114 1583 3187 duplex3
1610 3116 1783 3187 prisca

763 3193 928 3247 altera
945 3233 960 3257 ,
981 3212 1102 3265 quae
1126 3193 1188 3249 fit
1201 3196 1415 3249 surculo
1435 3195 1492 3248 in
1519 3214 1785 3267 gemmam

763 3274 952 3327 subula
976 3270 1212 3346 apertam
1238 3272 1445 3341 indit03
1476 3294 1615 3329 nova
1652 3276 1784 3329 alte-

763 3369 849 3415 ra,
867 3370 986 3423 quo
999 3367 1051 3407 et
1067 3354 1436 3425 Emplastratio
1455 3353 1680 3419 dicitur,
1701 3355 1785 3409 fit-

761 3448 872 3501 que
889 3431 943 3483 in
961 3450 1182 3502 gemma
1201 3433 1380 3487 locum
1395 3432 1581 3487 indita.
1597 3434 1783 3489 Insitio

761 3502 1436 3584 (ἱμφυτεὶμίμφυτισμός),εε
1445 3514 1556 3567 haec
1569 3532 1783 3585 qnoque

762 3586 966 3659 duplex
977 3589 1032 3641 ἱιι
1047 3602 1292 3645 truncum
1305 3592 1426 3646 etin
1437 3593 1711 3657 corticem3
1724 3594 1779 3647 in

763 3680 1014 3721 truncum
1036 3688 1220 3723 rursus
1245 3668 1444 3743 duplex
1470 3690 1484 3725 :
1513 3672 1678 3724 altera
1701 3683 1779 3724 te-

761 3748 919 3801 rebra
939 3748 1255 3803 circumacta
1279 3748 1601 3813 (terebratio
1620 3790 1634 3811 ,
1670 3751 1779 3805 sive

762 3827 1143 3899 ἑγιιιντρισμὸς),
1159 3828 1244 3881 vel
1271 3829 1484 3882 stimulo
1511 3830 1781 3900 perforata

761 3904 997 3961 medulla
1013 3904 1398 3976 (medullarum
1419 3909 1705 3981 applicatio
1728 3902 1779 3978 ),

761 3988 925 4041 altera
947 4000 1137 4043 trunco
1162 4006 1258 4059 per
1277 3987 1511 4041 medium
1539 3988 1661 4043 fisso
1685 4009 1697 4041 :
1724 3992 1779 4043 in

761 4068 1013 4121 corticem
1043 4087 1169 4122 vero
1199 4081 1381 4121 nostra
1405 4070 1661 4124 memoria
1699 4069 1778 4122 in-

763 4159 916 4200 venta
933 4186 949 4210 ,
979 4147 1214 4213 corticis,
1233 4148 1450 4201 fistulosi
1498 4149 1777 4221 circumje-

762 4236 890 4277 ctus.
915 4228 1049 4282 Du..
1068 4258 1142 4271 --
1157 4227 1344 4283 Semina
1380 4248 1579 4302 quoquc.
1603 4229 1781 4283 Acinis

1874 2399 2143 2455 nucleisve
2158 2399 2282 2452 mali
2296 2397 2429 2471 ‚piri
2444 2430 2463 2459 ‚
2486 2395 2651 2452 cerani
2667 2435 2685 2462 ,
2704 2397 2761 2450 in
2778 2397 2909 2450 alia-

1876 2499 1998 2534 rum
2014 2481 2267 2534 arborum
2280 2479 2444 2531 rimas
2462 2475 2729 2531 imminit.
2744 2476 2909 2536 Hunc

1874 2559 2053 2614 locum
2098 2561 2217 2615 Car.
2264 2558 2560 2630 Stephanus
2599 2556 2654 2609 iu
2694 2555 2909 2611 Prndio

1876 2640 2112 2705 Rustico,
2126 2660 2183 2712 p.
2200 2658 2229 2691 α
2244 2658 2267 2692 ι
2282 2638 2335 2703 5,
2345 2654 2625 2711 perperam
2638 2636 2909 2709 interpre-

1876 2731 2037 2773 tatur.
2066 2716 2251 2771 ΗΑιιο.
2804 2712 2807 2715 ’

1960 2820 2011 2854 a.
2045 2797 2293 2851 Arborum
2322 2798 2515 2849 lecticis.
2555 2794 2645 2849 Sic
2688 2808 2900 2867 partem

1873 2877 2208 2933 eam'arhoris
2222 2888 2377 2929 voeat
2392 2914 2407 2939 ,
2422 2888 2475 2929 et
2485 2874 2739 2940 caudicis,
2760 2874 2907 2928 unde

1871 2976 1928 3011 se
1952 2958 2087 3011 rami
2108 2954 2361 3009 dividunt
2382 2955 2436 3007 in
2462 2954 2697 3007 brachia.
2728 2954 2799 3008 H.

1954 3036 2007 3091 3.
2050 3036 2283 3092 Cera-sum
2326 3038 2379 3088 in
2417 3035 2582 3088 πᾶσι.
2609 3032 2896 3105 Theophr.

1870 3115 1939 3169 de
1964 3118 2119 3171 Cous.
2150 3116 2242 3169 lib.
2266 3116 2355 3181 11,
2382 3132 2501 3185 cap.
2528 3120 2621 3179 ²3,
2647 3127 2701 3167 et
2726 3113 2907 3178 lih.V,

1871 3214 1992 3268 cap.
2024 3202 2080 3259 4.
2109 3196 2246 3247 Du„

1951 3274 2161 3328 xxm.
2193 3290 2215 3325 ι
2231 3310 2244 3326 .
2270 3272 2556 3326 maculatio.
2578 3270 2784 3327 Grecis
2804 3273 2907 3325 ἕνα--

1869 3357 2195 3427 φθαλμισμδς,
2204 3368 2259 3408 et
2272 3351 2397 3407 inde
2415 3352 2898 3422 ὄνοφθαλμὶζεινᾶἱε·

1870 3434 2023 3488 cessit
2054 3433 2279 3488 omnino
2315 3432 2470 3486 nobis
2496 3432 2602 3485 hoc
2628 3430 2899 3485 inserendi

1867 3531 2033 3586 genus
2046 3515 2112 3566 ab
2129 3530 2243 3565 usn.
2262 3513 2439 3566 Altera
2456 3512 2570 3564 hnc
2590 3510 2777 3564 insit-io
2802 3522 2901 3575 est,

1867 3612 2025 3665 qnam
2040 3592 2257 3649 Colum.
2284 3592 2464 3658 affert,
2488 3592 2528 3643 1.
2546 3590 2618 3655 V,
2642 3608 2689 3643 c.
2724 3608 2747 3643 1
2763 3607 2811 3654 ι,
2830 3588 2898 3641 de

1866 3672 2121 3726 insitione
2142 3672 2392 3725 arborum
2414 3708 2429 3730 ,
2458 3690 2513 3742 p.
2538 3670 2649 3725 203
2673 3688 2690 3726 ι
2715 3696 2739 3718 e
2766 3669 2897 3723 Tria

1864 3768 2058 3822 genera
2087 3770 2282 3823 porro,
2320 3750 2531 3820 inquit,
2583 3750 2896 3802 insitionum

1868 3831 2085 3903 Antiqui
2109 3828 2461 3884 tradiderunt.
2480 3830 2663 3881 Unum
2682 3848 2793 3900 qno
2812 3847 2895 3880 re-

1866 3924 2003 3965 secta
2030 3922 2085 3963 et
2120 3910 2239 3963 fissa
2265 3909 2427 3962 arbor
2446 3920 2682 3961 'resectos
2706 3926 2893 3960 surcu-

1866 3990 1947 4043 los
1986 3990 2194 4061 accipit.
2242 3990 2478 4043 Alterum
2495 4025 2513 4052 ,
2543 4006 2652 4060 quo
2694 4000 2895 4040 resecta

1870 4072 2010 4123 inter
2045 4070 2241 4123 librum
2276 4082 2328 4122 et
2370 4068 2645 4139 materiam
2694 4066 2895 4120 semina

1868 4148 2095 4203 admittit
2114 4190 2122 4199 .
2144 4190 2153 4199 .
2176 4190 2186 4202 .
2216 4149 2455 4202 'Pettium
2472 4165 2579 4217 quo
2594 4148 2733 4217 ipsas
2750 4164 2895 4215 gem·

1870 4246 1979 4283 mas
2006 4247 2133 4283 cum
2161 4229 2351 4299 exiguo
2374 4226 2573 4281 cortice
2596 4226 2652 4279 in
2688 4237 2893 4296 partem
