3150 5150
931 569 1248 635 LIBER
1303 570 2293 666 xv11.117

155 701 574 792 pampinato.
635 699 881 766 Vincas
937 697 1232 769 novellas
1289 698 1553 793 alligato
1613 699 1888 786 crebro,
1956 726 2040 770 ne
2094 701 2301 771 caulis

155 803 657 941 praestringatur.
712 806 802 873 Et
839 828 986 898 quae
1018 805 1151 898 jam
1187 808 1256 874 in
1335 791 1653 874 erticam⁴
1656 791 1882 890 ⁵ibit,
1883 807 2060 936 sejus
2104 833 2296 902 pam-

159 898 400 1002 pinos⁴
399 896 720 980 ⁶teneros
739 909 1004 1005 alligato
1025 911 1330 980 leniter⁷
1335 965 1355 1000 ,
1381 899 1878 1030 porrigitoque⁶
1883 897 2087 981 {Ubi
2122 929 2301 982 recte

155 1018 514 1102 steterint,
550 1016 667 1084 ubi
699 1003 884 1085 uva⁴⁹
919 1019 1102 1086 varia
1139 1017 1284 1086 fieri
1309 1019 1619 1112 coeperit,
1646 1019 1811 1087 vites
1844 1017 2192 1114 subligato.

269 1109 503 1193 Vitis⁵⁰
537 1123 760 1192 insitio
795 1148 928 1192 una
951 1138 1052 1193 est
1078 1148 1198 1218 per
1221 1147 1373 1210 ver,
1409 1122 1615 1193 altera
1651 1149 1855 1216 quum
1897 1149 2031 1194 uva
2070 1125 2297 1196 floret:
2340 1137 2407 1190 36

161 1253 246 1297 ea
276 1231 538 1324 optima
563 1243 680 1298 est.
706 1215 1053 1298 Vineam5¹
1069 1243 1382 1299 veterem
1419 1231 1472 1298 si
1502 1231 1570 1297 in
1596 1229 1796 1298 alium
1832 1228 2053 1300 locum
2088 1246 2303 1303 trans-

161 1335 344 1404 ferre
375 1333 596 1422 voleS,
637 1334 982 1404 dumtaxat
1014 1335 1360 1404 brachium
1400 1360 1693 1404 crassum
1730 1333 1967 1405 licebit.
2010 1339 2307 1408 Primum

161 1441 512 1535 deputato.
559 1443 758 1510 Binas
795 1465 1090 1535 gemmas
1111 1493 1130 1526 ,
1173 1466 1297 1512 nec
1332 1441 1615 1536 amplius
1650 1440 2016 1535 relinquito.
2054 1447 2155 1512 Ex
2195 1469 2304 1512 ra·-

161 1547 434 1617 dicibus
471 1549 642 1616 bene
676 1545 971 1616 effodito.
1003 1551 1090 1616 Et
1126 1571 1290 1616 cave
1330 1546 1583 1616 iadices
1626 1572 1711 1616 ne
1748 1549 2018 1618 saucies.
2062 1552 2166 1618 Ita
2210 1553 2309 1620 uti

165 1653 422 1737 fuerit,
455 1655 686 1749 ponito
711 1653 781 1720 in
818 1652 1052 1724 scrobe
1087 1668 1205 1722 aut
1232 1656 1302 1722 in
1333 1653 1558 1738 sulco,
1557 1655 2009 1784 ⁵operitoque,
2036 1669 2103 1724 et
2139 1655 2308 1724 bene

163 1757 542 1829 occulcato.
580 1758 986 1890 ³Eodemque
1029 1759 1234 1830 modo
1276 1745 1581 1828 ι’ἱιιειειιιι5
1650 1762 1962 1844 statuite,
1998 1759 2309 1898 alligato,

165 1850 604 1960 flexatoque⁵³
625 1867 722 1935 uti
744 1865 962 1934 fuerat
973 1866 1380 1960 ,crebroque
1404 1865 1636 1935 fodito.
1671 1851 2068 1959 Ocymum⁵⁴
2072 1917 2092 1952 ,
2129 1869 2311 1961 quod

167 1973 238 2038 in
269 1973 475 2040 vinea
517 1974 644 2042 seri
675 1971 904 2065 jubet,
947 1972 1199 2066 antiqui
1231 1970 1657 2066 appellabant
1684 1969 2033 2066 pabulum,
2056 1973 2310 2043 umbrae

165 2079 436 2170 patiens
459 2131 479 2166 ,
505 2078 684 2172 quod
711 2077 1051 2148 celerrime
1077 2080 1440 2173 proveniat.

261 2269 360 2333 45.
393 2271 470 2322 Et
493 2291 600 2342 quoe
617 2272 724 2341 jam
747 2273 796 2323 ἰη
821 2274 1070 2342 perticam.
1099 2272 1200 2325 Cui
1286 2283 1346 2324 ut
1389 2271 1512 2324 libri
1550 2269 1717 2334 editi,
1764 2275 2094 2324 statuminum.
2128 2271 2310 2326 ΗΑιιυ.

169 2350 424 2420 longiora
449 2353 558 2420 jam
588 2363 849 2404 sarmenta
875 2369 966 2405 seu
1000 2351 1204 2423 flagella

167 2443 352 2482 erunt.
390 2428 576 2482 Ηιιιιι.

257 2512 358 2571 46.
394 2510 674 2580 Pau-pinos.
706 2509 970 2563 palmites.
995 2511 1066 2562 H.

257 2596 352 2661 47.
389 2591 603 2644 Leniter.
630 2591 908 2643 Broterius
937 2608 1001 2643 ex
1049 2590 1200 2644 MSS.

175 2676 346 2741 [legg.
375 2682 430 2722 et
457 2668 588 2723 edit.
621 2670 794 2740 princ.
825 2672 1004 2722 leviter.
1036 2672 1138 2723 En.

259 2752 359 2813 48.
396 2749 755 2821 Porrigieoque.
785 2751 922 2803 Cato
947 2766 960 2802 ε
988 2776 1010 2797 ι
1027 2748 1208 2802 Corri-

167 2829 400 2899 gitoque
424 2831 504 2882 uti
530 2842 674 2881 recte
699 2842 950 2899 spectent.
975 2828 1084 2881 Ubi
1105 2847 1207 2881 uva

171 2908 327 2962 varia
349 2907 473 2961 fieri
499 2909 748 2981 ceperit,
773 2908 906 2961 vites
927 2908 1206 2978 subligato,

173 2990 496 3059 pampinato
518 3028 535 3053 ,
581 3000 682 3040 etc.
711 3014 733 3033 ι
781 2988 1046 3041 Hactenus
1084 2988 1206 3052 ille,

171 3086 304 3137 cap.
337 3085 540 3120 xxxux.
565 3068 746 3119 nmo.

263 3153 361 3215 49.
405 3146 508 3199 Ubi
538 3166 645 3199 uva.
673 3146 784 3198 Ubi
824 3158 1030 3199 mutare
1059 3145 1210 3198 colo-

171 3245 294 3279 rem
317 3244 424 3279 nva
441 3226 686 3297 coeperit.
701 3224 1206 3295 ll.——Poe·rigitoque.

179 3306 312 3371 Ubi,
340 3318 445 3359 etc.
482 3306 654 3358 Aliter
677 3306 806 3375 legit
825 3304 1210 3375 distinguitque

175 3385 461 3439 Broterius
471 3404 538 3438 ex
549 3384 700 3439 MSS.
716 3388 880 3456 Regg.
892 3382 1022 3437 edit.
1035 3384 1208 3456 princ.

171 3478 232 3517 et
279 3465 402 3536 ipso
443 3463 678 3519 Catone:
725 3466 1087 3535 porrigitoque,
1137 3465 1210 3515 uta·

177 3556 310 3597 oecaee
328 3557 475 3597 elene.
509 3544 608 3597 Ubi
631 3564 724 3597 uva
743 3586 760 3609 ‚
793 3557 892 3597 etc.
928 3544 1032 3596 En.

267 3624 359 3678 50.
390 3626 528 3676 Vitis
561 3628 744 3677 insitio.
775 3624 1206 3693 cato,eap.x1.1,

175 3724 306 3775 pag-
348 3706 460 3769 36,
492 3702 720 3757 totidem
747 3702 941 3756 verbis.
986 3702 1056 3754 H.

267 3790 300 3837 5
311 3802 362 3837 ι.
417 3784 628 3835 Vineam
655 3796 876 3835 veterem.
908 3781 1033 3835 Hoec
1063 3781 1212 3835 dein·

173 3882 318 3935 σερε
363 3862 529 3929 Cato,
577 3882 698 3935 cap.
745 3882 906 3928 xmx,
951 3862 1108 3977 plane
1144 3857 1213 3913 ad

175 3943 434 3996 verbum.
469 3944 658 3997 Han.

271 4022 368 4076 52.
421 4022 493 4073 V*
475 4042 631 4075 meam
653 4025 872 4075 statuite.
902 4020 1216 4074 Statumini-

169 4103 294 4153 bus
341 4121 430 4155 seu
479 4101 818 4173 pedamentis
867 4100 1072 4155 fulcito.
1129 4099 1218 4152 Sic

173 4182 352 4235 MSS.
381 4200 594 4249 omnes,
633 4194 684 4235 et
712 4182 824 4253 ipse
853 4182 987 4235 Cato
1013 4200 1025 4232 :
1077 4198 1216 4243 non,

1369 2351 1462 2404 53.
1513 2349 1830 2422 Flexatoque.
1891 2353 1975 2404 Ita
2026 2351 2192 2418 Catu,
2252 2365 2306 2404 et

1285 2429 1441 2483 MSS.
1466 2448 1576 2482 non
1614 2429 1887 2498 laxatoque.
1924 2428 2108 2484 Hum.

1371 2509 1466 2572 54.
1503 2509 1755 2582 ocymum.
1808 2509 2007 2562 Differt
2054 2527 2306 2581 ocymum

1287 2592 1355 2643 ab
1381 2590 1557 2644 ocimo
1575 2629 1591 2654 ,
1614 2588 1685 2641 de
1712 2608 1821 2659 quo
1851 2589 1989 2643 Plin.
2024 2590 2119 2643 lib.
2140 2589 2272 2641 xlx
2294 2628 2310 2653 ,

1287 2690 1404 2741 cap.
1429 2669 1496 2723 35
1515 2708 1532 2733 ,
1555 2681 1611 2720 et
1629 2669 1774 2721 alibi.
1798 2668 2109 2741 Utrumque
2128 2668 2313 2722 distin·

1289 2750 1404 2819 guit
1422 2749 1599 2800 Varro
1619 2746 1687 2799 de
1703 2749 1779 2799 Re
1800 2749 1946 2801 Rust.
1973 2749 2069 2801 lib.
2096 2750 2123 2800 1
2138 2788 2153 2813 ,
2190 2766 2305 2819 cap.

1293 2828 1358 2880 31
1384 2847 1398 2881 ε
1433 2854 1456 2874 ι
1488 2827 1757 2899 Ocymum
1775 2866 1791 2885 ,
1814 2828 1987 2899 inquit
2006 2868 2022 2893 ,
2052 2825 2255 2881 dietum
2280 2846 2307 2880 a

1289 2926 1461 2979 graeco
1505 2907 1675 2959 verbo
1719 2910 1879 2967 ὠκέως
1909 2947 1926 2970 ,
1976 2906 2125 2979 quod
2174 2908 2313 2959 valet

1290 2987 1414 3040 cito.
1445 2986 1702 3039 Similiter
1738 3003 1954 3058 quoque
1981 2987 2221 3039 ocimum
2251 2988 2308 3038 in

1290 3066 1464 3119 horto.
1512 3067 1629 3118 Hoc
1676 3066 1904 3135 amplius
1950 3064 2155 3118 dictum
2184 3083 2313 3135 ocy-

1290 3164 1438 3197 mum
1461 3182 1479 3207 ,
1508 3144 1657 3217 qnod
1682 3144 1809 3197 citat
1834 3144 2013 3196 alvum
2042 3145 2237 3210 bubus,
2259 3157 2313 3198 et

1291 3222 1414 3278 ideo
1437 3224 1502 3277 iis
1528 3224 1703 3286 datur,
1727 3235 1785 3276 ut
1806 3236 2119 3293 purgentur.
2136 3222 2199 3275 Id
2221 3242 2311 3295 ge-

1291 3322 1397 3357 nus
1411 3302 1593 3375 pabuli
1607 3316 1731 3355 sunt
1744 3314 1943 3372 segetes
1957 3302 2316 3357 sectaevirides

1293 3396 1574 3454 antequam
1610 3394 1795 3452 gerant
1842 3382 2077 3454 siliquas.
2107 3410 2128 3431 -
2180 3384 2313 3437 Vult

1293 3463 1462 3534 igitur
1499 3480 1749 3533 ocymum
1794 3480 1943 3533 teque
1982 3480 2041 3514 ac
2080 3462 2311 3516 ocimum

1295 3542 1363 3595 ab
1373 3544 1554 3605 ὠκέως,
1567 3544 1681 3601 cito,
1690 3560 1887 3593 nomen
1897 3542 2111 3595 traxisse
2125 3562 2137 3594 :
2155 3542 2317 3608 istud,

1297 3620 1450 3694 quod
1497 3621 1771 3674 celerrime
1812 3634 2077 3683 nascatur,
2114 3634 2175 3675 nt
2211 3622 2317 3675 Pli-

1297 3702 1419 3755 nius
1464 3719 1590 3753 mox
1633 3700 1725 3753 cit.
1759 3699 1895 3753 illud
1938 3699 2085 3772 quod
2139 3702 2318 3755 bubus

1299 3782 1475 3834 alvum
1530 3780 1673 3833 citet.
1718 3781 1812 3834 Est
1859 3780 2022 3851 igitur
2062 3798 2318 3851 ocymum

1301 3861 1499 3924 boum,
1539 3878 1835 3931 equorum,
1872 3860 2165 3913 aliorumve
2206 3860 2321 3913 ani-

1303 3940 1522 3993 malium
1547 3940 1839 4011 pabulum,
1860 3958 1924 3993 ex
1940 3939 2155 4010 frugum
2179 3939 2324 4009 legu-

1303 4020 1621 4091 minumque
1660 4021 1913 4072 mixtura.
1958 4020 2069 4072 Nos
2105 4018 2322 4088 ferragi-

1305 4118 1428 4152 uem
1477 4100 1637 4169 vulgo
1659 4089 1920 4163 dicimus,
1971 4098 2038 4149 du
2066 4097 2319 4166 sons-ruge.

1307 4178 1450 4231 Vide
1476 4196 1597 4251 quae
1614 4176 1683 4231 de
1713 4177 1975 4247 farragine
2004 4176 2197 4229 dictuxi
2239 4196 2323 4237 su·

1991 4270 2063 4353 83
