3150 5150
830 571 970 659 348
1370 572 1451 643 C.
1506 572 1836 641 PLINII
1891 572 2102 642 NAT.
2154 572 2414 640 HIST.

827 707 1087 793 orbem,
1116 730 1195 775 ex
1220 728 1354 798 qua
1382 708 1571 801 parte
1605 706 1660 773 is
1693 706 1978 774 maxime
2012 703 2415 798 splendebit,
2455 726 2538 771 ex
2579 725 2660 770 ea
2697 716 2940 771 ventum

826 811 1146 883 ostendet.
1202 811 1271 880 Si
1308 813 1378 880 in
1414 826 1567 881 ortu
1609 836 1860 881 cornua
1904 811 2222 880 crassiora
2271 809 2554 892 fuerint,
2621 808 2940 876 horridam

825 932 1304 1013 tempestatem.
1340 918 1409 987 Si
1448 931 1604 986 ante
1639 932 1940 1012 quartam
1979 940 2114 985 non
2149 916 2566 1012 apparuerit,
2606 928 2814 982 vento
2843 918 2944 981 Fa·

760 1044 795 1110 4
830 1026 1031 1094 vonio
1079 1024 1320 1111 flante,
1361 1020 1664 1093 hiemalis
1709 1037 1854 1093 toto
1896 1046 2124 1093 mense
2160 1023 2302 1091 erit.
2346 1023 2416 1092 si
2467 1020 2736 1090 decimo
2779 1034 2944 1089 sexu)

828 1130 1285 1199 vehementius
1344 1128 1650 1199 flammea
1711 1130 2096 1226 apparuerit
2128 1181 2148 1216 ,
2209 1152 2476 1223 asperas
2535 1140 2944 1221 tempestates

827 1238 1191 1331 praesagiet.
1237 1235 1440 1305 Sunt⁷
1486 1250 1554 1305 et
1595 1237 1796 1331 ipsius
1841 1233 2014 1305 lunae
2053 1248 2208 1304 octo
2244 1232 2534 1320 articuli,
2585 1234 2852 1327 quoties
2889 1234 2944 1299 in

826 1342 1105 1439 angulos
1124 1339 1279 1412 solis
1310 1342 1540 1411 incidit
1554 1340 1928 1437 ,plerisque
1953 1343 2126 1411 inter
2148 1364 2262 1411 eos
2295 1354 2558 1409 tantum
2595 1339 2945 1408 observan-

826 1449 1005 1519 tibus
1035 1449 1351 1545 praesagia
1382 1448 1553 1555 ejus,
1583 1447 1712 1518 hoc
1741 1463 1878 1533 est,
1923 1449 2165 1534 tertia,
2203 1448 2533 1541 septima,
2571 1444 2946 1523 undecima,

826 1555 1083 1625 decima
1113 1556 1381 1649 quinta,
1420 1553 1676 1624 decima
1719 1578 1944 1643 nona,
1996 1555 2310 1649 vigesima
2362 1554 2601 1640 tertia,
2643 1553 2946 1645 vigesima

826 1662 1141 1755 septima,
1184 1674 1254 1730 et
1290 1659 1737 1729 interlunium.

930 1770 1207 1837 LXXX.
1242 1768 1467 1837 Tertio
1494 1765 1643 1836 loco
1665 1763 2000 1836 stellarum
2029 1765 2558 1835 observationem
2583 1788 2738 1833 esse
2765 1788 2940 1857 opor·

822 1886 937 1943 tet.
968 1873 1358 1943 Discurrere
1388 1897 1482 1943 eae
1516 1870 1864 1943 videntur⁸
1903 1871 2266 1960 interdum,
2303 1872 2618 1966 ventique
2658 1872 2942 1965 protinus

823 1994 1219 2074 sequuntur,
1245 1978 1314 2047 in
1340 2002 1627 2073 quorum
1657 1992 1845 2075 parte
1869 1978 1960 2047 ita
1987 1978 2442 2073 praesagivere.
2468 1976 2738 2047 Caelum
2755 2001 2940 2071 quum

823 2083 1161 2180 aequaliter
1212 2098 1427 2155 totum
1486 2087 1614 2154 erit
1669 2082 2126 2182 splendidum,
2174 2080 2496 2153 articulis²
2503 2098 2944 2178 temporum

822 2216 991 2285 quos
1028 2192 1530 2287 proposuimus,
1565 2206 1959 2261 autumnum
1995 2214 2300 2261 serenum
2346 2189 2844 2285 praesagibunt‚
2891 2204 2942 2257 et

822 2297 1159 2393 frigidum.
1200 2300 1269 2369 Si
1292 2321 1413 2367 ver
1434 2312 1503 2367 et
1527 2284 1742 2368 aestas³
1765 2322 1900 2367 non
1925 2298 2065 2367 sine
2081 2298 2272 2391 riguo
2290 2293 2511 2390 aliquo
2543 2298 2946 2371 transierint,

822 2418 1216 2475 autumnum
1260 2429 1567 2474 serenum
1607 2419 1677 2474 et
1713 2403 2026 2489 densum,
2071 2405 2420 2497 minusque
2457 2416 2824 2471 ventosum
2861 2400 2946 2469 fa·-

822 2510 1015 2581 cient.
1062 2512 1383 2580 Autumni
1426 2512 1744 2582 serenitas
1785 2524 2126 2581 ventosam
2169 2509 2452 2580 hiemem
2497 2507 2688 2596 facit.
2735 2510 2948 2598 Quum

820 2629 1093 2712 repente
1126 2615 1463 2687 stellarum
1500 2616 1722 2712 fulgor
1749 2618 2174 2704 obscuratur,
2218 2630 2286 2685 et
2323 2614 2390 2686 id
2433 2639 2660 2710 neque
2703 2613 2951 2696 nubilo,

818 2745 1035 2817 neque
1050 2721 1359 2862 caligine,
1373 2721 1598 2819 pluvia
1622 2739 1736 2794 aut
1755 2746 1988 2820 graves
2013 2722 2492 2792 denuntiantur
2509 2735 2950 2817 tempestates.

816 2829 885 2898 Si
919 2817 1236 2900 volitare⁴
1278 2827 1502 2924 plures
1542 2829 1746 2903 stelloe
1793 2829 2230 2917 videbuntur,
2264 2853 2402 2923 quo
2439 2828 2766 2898 feruntur
2801 2829 2954 2897 alhe-

898 3045 954 3098 7.
976 3025 1174 3081 Sunt...
1198 3039 1306 3080 oceo
1330 3029 1540 3081 articuli.
1565 3028 1706 3082 Octo
1727 3028 1834 3081 vel-
1927 3029 2062 3082 tium
2089 3039 2142 3081 et
2163 3027 2544 3099 aequinoctiuru
2573 3030 2862 3091 autumni,
2883 3029 2958 3080 Pi-

818 3105 898 3160 uti
928 3119 1154 3178 punctu,
1182 3125 1275 3161 seu
1302 3108 1580 3172 stationes,
1605 3127 1666 3161 ac
1692 3108 1836 3179 posi-
1927 3105 2120 3161 diculae
2137 3125 2349 3161 occasus
2363 3122 2696 3168 autumnum
2719 3109 2954 3168 inchoat,

817 3199 903 3240 tus
926 3186 1096 3250 luno,
1143 3186 1287 3240 unde
1316 3188 1360 3240 si
1394 3205 1497 3240 una
1528 3205 1652 3240 cum
1675 3187 1787 3240 sole
1808 3205 1839 3240 a
1927 3199 2030 3241 etc.
2053 3213 2075 3235 ι
2115 3187 2296 3241 Banu.

814 3276 953 3321 terra
999 3267 1385 3338 conspiciatur,
1430 3265 1670 3320 diverso·
1724 3279 1836 3320 tum
2011 3267 2064 3322 3.
2107 3267 2168 3320 Se·
2203 3287 2294 3319 ver
2330 3279 2382 3319 ee
2417 3279 2587 3320 σείου.
2619 3267 2764 3321 vid.
2787 3269 2960 3320 Theo·

814 3357 938 3399 octo
964 3347 1183 3418 angulos
1202 3347 1375 3400 faeere
1396 3346 1553 3399 umbo
1572 3344 1838 3400 videntur.
1925 3345 2200 3416 phi-astus,
2219 3347 2313 3400 lib.
2343 3344 2412 3400 de
2439 3347 2595 3418 Sign.
2627 3361 2808 3420 temp.
2835 3347 2906 3398 n,

815 3425 1108 3496 Aspectnm
1137 3426 1352 3480 oetilem
1381 3427 1705 3492 astronomi,
1746 3443 1839 3480 seu
2007 3433 2059 3490 4.
2089 3425 2150 3480 Si
2163 3427 2386 3481 volitat-e.
2416 3427 2620 3499 virgil.
2643 3427 2904 3497 Goon-gie.
2925 3427 2964 3489 1,

812 3515 1143 3574 octogonum
1168 3519 1378 3559 vocant.
1414 3506 1596 3559 Ηιιιι).
1922 3522 1976 3557 v.
2004 3505 2114 3559 36⁵
2142 3524 2159 3558 ε
2189 3532 2212 3554 ι
2230 3507 2382 3577 sepe
2405 3506 2570 3560 etiam
2595 3508 2780 3560 sien-s
2813 3519 2964 3558 vento

890 3582 1112 3636 Lxxx.
1135 3603 1157 3637 ι
1170 3623 1183 3636 .
1209 3585 1492 3637 nisam-rm
1506 3606 1576 3637 eoe
1591 3584 1833 3638 videntur.
1923 3583 2265 3656 impendente
2283 3583 2494 3639 videbis
2505 3587 2828 3658 Pracipites
2841 3585 2966 3638 celo

812 3661 1029 3715 Aristot.
1056 3663 1113 3714 in
1147 3663 1326 3716 Probl.
1354 3681 1471 3734 cap.
1502 3664 1593 3717 25.
1632 3665 1834 3718 Diuo.
1921 3664 2056 3724 labi.
2088 3665 2364 3737 noctisque
2403 3683 2502 3737 per
2525 3667 2759 3720 umbras
2798 3667 2968 3718 Ham·

814 3741 1338 3796 —Dae'scurmmvide
1366 3760 1486 3814 qua
1511 3743 1565 3795 in
1586 3761 1703 3795 eam
1719 3761 1834 3797 rem
1922 3761 2128 3797 marum
2171 3745 2359 3815 longos
2407 3763 2438 3798 a
2495 3758 2650 3816 tergo
2700 3747 2966 3799 albescere

808 3819 1073 3887 diximus,
1107 3821 1201 3874 lib.
1232 3823 1454 3892 11,‚cap.
1494 3823 1527 3873 6
1554 3833 1606 3874 et
1639 3821 1730 3876 36.
1762 3822 1831 3875 Η.
1921 3835 2136 3877 tractus.
2160 3849 2183 3871 ι
2215 3825 2381 3878 Recte
2400 3841 2530 3878 vero
2558 3824 2860 3878 admonuit
2879 3825 2968 3876 Se-

897 3919 948 3954 2.
980 3901 1234 3954 Articulis.
1253 3939 1267 3954 .
1286 3940 1299 3953 .
1339 3921 1457 3974 quos
1483 3904 1862 3972 pmposuimus.‘
1918 3919 2081 3966 neca,
2109 3903 2252 3957 Natt.
2275 3905 2476 3970 Queat.
2515 3905 2617 3959 lib.
2643 3906 2705 3968 1,
2741 3923 2868 3976 cap.
2909 3923 2930 3956 ι
2953 3943 2969 3965 ,

814 3980 948 4052 Cap.
971 3983 1042 4052 59
1064 3981 1147 4034 his
1172 3980 1349 4035 verbis
1363 3998 1410 4033 :-
1424 3983 1627 4034 Rursus
1647 3981 1704 4033 hi
1725 3999 1835 4034 car·
1921 4000 1976 4052 p.
2001 3985 2112 4037 832
2139 4002 2154 4036 z
2176 4004 2199 4029 ι
2213 3985 2612 4054 Argumentum
2633 3985 2970 4057 tempestatis

813 4059 965 4114 dines
989 4060 1210 4133 singulis
1253 4072 1557 4132 temporum
1597 4061 1835 4114 articuli·
1923 4075 2097 4116 nautae
2117 4075 2305 4135 putant
2322 4103 2336 4129 ,
2363 4083 2532 4138 quum
2567 4065 2768 4117 multae
2793 4076 2968 4116 trans·

812 4138 1149 4208 dividuntur,
1175 4159 1270 4213 per
1305 4139 1477 4194 media
1513 4159 1698 4194 omnes
1718 4139 1834 4194 die·
1922 4143 2102 4196 volant
2126 4144 2287 4197 stello
2303 4160 2318 4197 τ
2335 4142 2488 4216 qnod
2511 4145 2556 4197 si
2580 4145 2806 4214 signum
2839 4161 2968 4194 ven·

808 4237 929 4272 rum
961 4221 1144 4292 spatia.
1182 4221 1449 4287 Quoniam
1496 4221 1634 4275 inter
1661 4220 1831 4275 solsti-
1923 4234 2099 4276 torum
2130 4236 2240 4296 est,
2259 4223 2337 4279 ibi
2365 4237 2471 4292 est,
2493 4225 2593 4278 ubi
2625 4225 2782 4280 venti
2811 4235 2968 4284 suut,
