3150 5150
762 706 826 742 10

758 2076 817 2111 u

864 530 1005 615 324
1381 528 1459 597 C.
1512 526 1860 594 PLINII
1911 525 2122 593 NAT.
2175 524 2440 594 HIST.

966 668 1151 733 Intra
1192 662 1333 731 hoec
1372 672 1634 729 constat
1661 655 1932 727 caelestis
1965 655 2286 727 sterilitas.
2329 656 2558 753 Neque
2601 664 2954 755 negaverim

864 794 1056 868 posse
1097 792 1243 838 eam
1290 766 1652 862 permutari
1692 764 1966 833 arbitrio
2013 762 2402 857 legentium,
2455 763 2754 835 locorum
2801 772 2952 838 33ῑί-

862 878 1185 947 inantium
1212 886 1498 941 naturas.
1521 870 1653 939 Sed
1675 894 1714 939 3
1737 870 1927 939 nobis
1954 872 2276 939 rationem
2303 869 2818 941 demonstratam
2835 900 2956 943 esse

862 985 1015 1053 satis
1056 996 1203 1051 est:
1260 976 1509 1073 reliqua
1544 976 2004 1045 observatione
2045 976 2362 1069 cujusque
2399 978 2814 1049 constabunt.
2861 980 2952 1047 Al-

861 1102 1185 1159 terutrum
1226 1083 1493 1181 quidem
1530 1082 1722 1153 fore
1705 1107 1770 1150 in
1811 1104 2042 1163 causa,
2077 1081 2210 1152 hoc
2235 1095 2376 1168 est,
2401 1081 2829 1177 plenilunium
2861 1102 2954 1153 aut

862 1192 1311 1279 interlunium,
1334 1215 1469 1258 non
1487 1190 1614 1257 erit
1635 1187 1932 1256 dubium.
1949 1189 2079 1257 Et
2063 1212 2130 1254 in
2154 1174 2334 1257 hoc³¹
2351 1188 2662 1259 admirari
2682 1192 2952 1285 benigni-

860 1316 1059 1371 tatem
1102 1314 1355 1367 naturae
1384 1296 1756 1365 succurrit·
1791 1294 1928 1388 jam
1959 1295 2247 1389 primum
2285 1294 2515 1363 hanc
2497 1297 2799 1390 injuriam
2837 1324 2954 1365 om·

860 1408 1051 1476 nibus
1094 1406 1281 1473 annis
1322 1401 1622 1471 accidere
1663 1424 1800 1468 non
1839 1425 2072 1495 posse,
2129 1414 2402 1495 propter
2439 1414 2648 1472 statos
2697 1404 2950 1472 siderum

858 1536 1134 1581 cursus:
1173 1534 1297 1579 nec
1334 1510 1459 1579 nisi
1501 1508 1732 1602 paucis
1767 1506 2076 1575 noctibus
2113 1509 2302 1593 anni,
2345 1506 2542 1601 idque
2581 1510 2839 1603 quando
2869 1511 2951 1577 su·

859 1634 1081 1688 turum
1103 1618 1187 1687 sit
1206 1668 1225 1701 ‚
1260 1612 1451 1684 facile
1474 1614 1678 1682 nosci.
1709 1615 1801 1680 Ac
1829 1636 1912 1681 ne
1937 1637 2056 1706 per
2089 1636 2322 1682 omnes
2346 1638 2607 1684 menses
2623 1616 2952 1697 timeretur,

856 1748 1081 1795 earum
1101 1746 1363 1817 quoque
1386 1706 1582 1814 lege³²
1603 1718 1918 1803 divisum,
1935 1728 2158 1788 aestate
2173 1717 2524 1789 interlunia
2543 1736 2948 1817 praeterquam

858 1831 1061 1899 biduo
1106 1852 1333 1899 secura
1371 1851 1545 1911 esse,
1579 1825 1796 1893 hieme
1831 1822 2234 1917 plenilunio:
2262 1850 2387 1893 nec
2413 1827 2538 1894 nisi
2567 1830 2804 1897 aestivis
2829 1829 2949 1895 bre·

858 1938 1269 2071 vissimisque
1320 1931 1630 2002 noctibus
1663 1915 1714 1954 ³³
1759 1930 2002 2015 metui,
2053 1929 2282 1999 diebus
2335 1956 2472 2001 non
2513 1932 2690 2001 idem
2739 1933 2943 2003 valere.

859 2025 1241 2111 Praeterea³⁴
1263 2054 1397 2109 tam
1428 2034 1620 2107 facile
1643 2033 1956 2129 intelligi,
1983 2054 2056 2103 ut
2074 2035 2353 2105 formica
2371 2038 2722 2111 minimum
2743 2038 2948 2109 animal

858 2147 1212 2217 interlunio
1262 2146 1590 2275 quiescat,
1641 2139 1998 2235 plenilunio
2054 2142 2249 2211 etiam
2299 2144 2610 2215 noctibus
2653 2162 2948 2241 operetur.

860 2258 1069 2323 Avem
1120 2275 1385 2349 parram
1406 2236 1480 2337 ³⁵,
1520 2250 1774 2318 oriente
1821 2247 2035 2329 Sirio,
2095 2249 2240 2341 ipso
2279 2248 2386 2317 die
2445 2276 2586 2319 non
2633 2276 2950 2348 apparere,

859 2359 1071 2430 donec
1100 2356 1377 2430 occidat.
1412 2358 1470 2425 E
1506 2354 1768 2423 diverso
1799 2354 2136 2423 vireonem
2155 2338 2208 2379 ³⁶
2215 2355 2560 2474 ‘prodire'
2541 2382 2560 2427 1
2565 2380 2694 2453 pso
2725 2358 2821 2427 die
2847 2358 2951 2428 sol·

860 2465 1033 2537 stitii.
1066 2466 1400 2535 Neutrum
1422 2486 1583 2531 vero
1607 2461 1776 2529 lunae
1801 2472 2044 2527 statum
2077 2462 2346 2531 noxium
2377 2486 2542 2551 esse,
2563 2488 2657 2534 ne
2687 2464 2952 2535 noctibus

860 2571 1123 2668 quidem
1144 2624 1165 2659 ,
1206 2570 1331 2639 nisi
1372 2567 1650 2654 serenis,
1685 2581 1753 2636 et
1788 2566 1970 2635 omni
2013 2588 2174 2634 nura
2221 2568 2648 2662 quiescente;
2679 2574 2950 2666 quoniam

860 2702 1073 2774 neque
1115 2678 1183 2746 in
1226 2675 1403 2745 nube
1424 2727 1443 2756 ,
1483 2697 1699 2768 neque
1736 2674 1803 2741 in
1841 2669 2000 2742 flatu
2031 2671 2278 2742 cadunt
2313 2699 2541 2746 rores:
2595 2679 2687 2748 sic
2725 2703 2952 2772 quoque

856 2809 993 2854 non
1036 2785 1176 2854 sine
1214 2780 1526 2851 remedio.

940 2958 971 3014 3
986 2977 1031 3012 1.
1064 2960 1141 3012 Et
1164 2964 1215 3012 in
1241 2959 1329 3011 Ῑιοσ
1354 2957 1617 3010 mirabilem
1643 2957 1878 3010 admirari

854 3041 1211 3110 benignitatem.
1255 3029 1387 3106 (Sic
1426 3037 1557 3090 libb.
1593 3049 1722 3090 vett.
1753 3048 1876 3090 ante

856 3117 1022 3174 Hntd.
1046 3115 1225 3182 editi).
1256 3117 1477 3172 Brevior
1502 3129 1557 3170 et
1584 3117 1750 3187 magis
1769 3116 1876 3168 Pli-

856 3201 1013 3253 niana
1042 3197 1276 3270 ejusdem
1320 3197 1515 3250 lectio:
1543 3223 1565 3244 ι
1589 3196 1658 3248 Et
1685 3198 1739 3249 in
1773 3195 1878 3250 hoc

857 3279 1040 3332 mirari
1065 3278 1437 3348 benignitatem
1464 3289 1648 3330 natura
1669 3295 1878 3330 succur-

856 3358 943 3410 rit.
968 3381 990 3404 ι
1024 3357 1227 3412 Cetera
1251 3357 1606 3428 superfluunt.
1635 3355 1793 3408 Pur.

939 3437 1033 3489 32.
1052 3437 1241 3489 Earum
1262 3455 1443 3508 qaoque
1470 3437 1589 3505 lege.
1623 3435 1874 3488 Noctium

855 3532 1039 3568 earum
1054 3552 1071 3578 ,
1090 3533 1207 3586 quae
1239 3529 1361 3568 sunt
1387 3512 1684 3568 metuendo
1709 3515 1876 3585 frugi·

856 3595 985 3658 bue,
1010 3593 1147 3648 hanc
1180 3595 1384 3664 legem,
1422 3593 1563 3647 hanc
1607 3591 1875 3647 conditio·

855 3691 981 3726 nem
1006 3691 1116 3728 ense
1136 3696 1151 3728 z
1171 3684 1231 3726 ut
1258 3671 1541 3726 interlunia
1582 3684 1746 3726 noctu
1767 3692 1875 3726 non

854 3752 957 3806 nisi
987 3750 1097 3805 dno
1121 3764 1317 3808 aetate.
1346 3751 1644 3822 plenilunia
1671 3751 1876 3816 hieme,

854 3832 955 3886 nisi
985 3828 1153 3885 biduo
1176 3830 1376 3902 pariter
1392 3867 1408 3894 ,
1434 3827 1722 3884 metuendo
1743 3829 1874 3885 sint:

852 3929 1021 3984 quum
1051 3911 1131 3964 nti
1164 3909 1368 3964 dictum
1400 3922 1482 3962 est
1517 3928 1674 3980 supra
1713 3911 1878 3963 rosci-

852 3991 981 4045 dum
1011 3991 1177 4062 frigus
1204 3989 1333 4042 luna
1372 3989 1545 4042 forsan
1574 3987 1835 4057 adspersit
1857 4028 1874 4054 ,

850 4069 1203 4142 admiscetque
1222 4065 1628 4124 amaritudinem
1642 4068 1786 4122 satin.
1803 4069 1870 4122 Η.

928 4151 1018 4202 33.
1070 4149 1456 4222 Brevi-:simisque
1504 4148 1735 4200 nocu‘hm.
1799 4149 1873 4201 Ut

1964 2956 2142 3010 minor
2190 2959 2262 3012 eit
2310 2957 2536 3014 nocendi
2591 2980 2752 3014 mon.
2801 2959 2947 3012 Han.

2047 3035 2139 3102 34.
2169 3037 2473 3092 Proeterea...
2501 3041 2728 3112 intelligi.
2753 3038 2948 3106 Quando

1963 3114 2306 3170 interlunium
2332 3118 2416 3172 sit.
2445 3117 2631 3173 Han).

2045 3195 2136 3249 35.
2176 3200 2328 3249 Am
2367 3219 2590 3268 parram.
2637 3201 2716 3252 De
2739 3217 2878 3268 pum
2909 3211 2950 3250 et

1962 3275 2180 3328 vix-eone
2197 3275 2320 3330 vide
2335 3295 2454 3348 quie
2472 3277 2791 3343 diximmX,
2811 3277 2950 3340 45³.

1965 3383 2046 3398 -—
2079 3354 2240 3408 Parra
2257 3389 2273 3418 ‚
2326 3369 2514 3410 moeeux
2530 3392 2546 3421 ‚
2595 3359 2680 3412 vel
2719 3357 2950 3414 emblem

1963 3434 2134 3492 vireo.
2167 3435 2330 3487 lorche.
2359 3437 2464 3490 En.

2045 3513 2118 3567 36
2129 3553 2140 3568 .
2153 3515 2209 3566 E
2219 3515 2404 3568 diverso
2413 3519 2656 3570 vir-eonem
2671 3516 2852 3587 prodire
2865 3516 2951 3584 Ipso

1963 3592 2043 3646 die
2061 3593 2273 3648 solstitii.
2305 3595 2493 3649 Scribo
2529 3597 2807 3650 chlorionem
2821 3633 2837 3660 ‚
2857 3612 2949 3646 nou

1963 3677 2224 3734 minonem,
2253 3687 2366 3727 tum
2382 3693 2446 3728 ex
2464 3673 2652 3728 eodem
2675 3673 2952 3744 exemplari,

1965 3765 2078 3804 tum
2106 3771 2170 3806 ex
2196 3753 2314 3824 ipso
2350 3753 2556 3816 Plinio.
2587 3755 2682 3808 lib.
2708 3755 2784 3820 X,
2809 3771 2852 3806 c.
2876 3770 2951 3820 ²9·

1966 3831 2278 3886 Aristoteles
2293 3851 2532 3905 quoque,
2560 3833 2628 3887 de
2651 3833 2770 3887 Nat.
2795 3832 2952 3886 Anim.

1961 3910 2058 3964 lib.
2086 3911 2166 3964 lx
2181 3949 2197 3974 ‚
2225 3931 2341 3984 etp.
2375 3933 2441 3966 υ
2463 3952 2480 3978 ,
2507 3913 2786 3966 chlorionem
2805 3921 2953 3963 vocat.

1961 3989 2279 4045 Theodorue
2323 3995 2560 4044 arconem
2605 3992 2790 4056 vertit,
2829 3987 2952 4044 unde

1959 4083 2081 4122 nata
2111 4084 2222 4134 ent,
2249 4083 2308 4124 ut
2335 4071 2396 4124 fit
2422 4073 2641 4143 sapius,
2659 4070 2852 4127 oce-sio
2873 4067 2952 4122 de·

1961 4149 2218 4218 pravaudi
2248 4151 2426 4204 Plinii.
2459 4153 2618 4206 Pur.
