3150 5150
901 448 1041 542 370

1444 447 1521 513 C.
1568 444 1901 513 PLINII
1955 443 2170 514 NAT.
2223 444 2478 512 HIST.
2529 515 2541 524 ‚

741 619 746 630 =
829 634 857 667 2
896 575 1288 651 censuerat?
1316 575 1476 645 Vela
1488 577 1747 671 nuper-⁹
1783 575 2005 646 colore
2030 575 2169 646 caeli
2191 629 2210 663 ‚
2240 573 2531 657 stellata,
2562 598 2686 669 per
2717 571 3035 642 rudentes

896 689 1028 755 iere
1060 685 1253 754 etiam
1282 685 1349 751 in
1371 683 1862 778 amphitheatro
1885 682 1932 706 ¹⁰
1961 684 2275 778 principis
2311 681 2614 750 Neronis.
2655 681 2941 749 Rubent
2971 683 3034 747 in

895 794 1075 862 cavis
1137 788 1461 874 aedium¹¹,
1511 802 1580 857 et
1634 813 1939 858 muscum
1990 814 2029 857 a
2075 787 2211 858 sole
2267 786 2653 856 defendunt.
2696 784 3034 854 Caetero''

896 898 1134 970 mansit
1169 894 1443 964 candori
1474 897 1779 989 pertinax
1820 898 2046 990 gratia.
2101 898 2335 963 Honor
2384 895 2580 962 etiam
2629 906 2698 960 et
2738 892 3035 984 Trojano

900 1059 1082 1109 Romo
1110 1056 1227 1108 fuit.
1260 1053 1554 1112 Martialis:
1580 1056 1791 1128 «Atque
1818 1054 1918 1107 erit

897 1137 952 1189 in
978 1135 1175 1206 triplici
1214 1152 1311 1203 par
1351 1133 1481 1185 mihi
1519 1151 1681 1186 nemo
1722 1133 1858 1185 foro.
1885 1157 1908 1179 ι

898 1214 981 1267 Id.
1014 1241 1036 1263 ι
1058 1215 1126 1267 Et
1141 1214 1251 1266 fors
1272 1226 1352 1266 tot
1369 1230 1614 1265 numeras
1633 1214 1766 1264 Jane
1788 1224 1919 1282 quot

898 1313 989 1346 ora
1012 1294 1165 1363 geris.
1193 1319 1214 1338 ·
1252 1292 1445 1343 Seneca
1464 1310 1482 1342 .·
1513 1316 1534 1336 ι
1558 1281 1751 1362 Adjice
1777 1309 1919 1344 nunc

897 1373 1108 1445 publica
1137 1370 1371 1442 perjuria
1397 1370 1633 1439 gentium
1652 1410 1667 1434 ‚
1694 1371 1920 1422 circum·

900 1450 1213 1523 scriptiones
1228 1488 1244 1514 ,
1266 1448 1475 1501 fraudes
1488 1486 1502 1509 ‚
1539 1448 1888 1502 inficiationes
1908 1487 1923 1512 ,

900 1532 1094 1602 quibus
1120 1529 1256 1583 trina
1287 1530 1400 1581 fora
1431 1547 1539 1580 non
1572 1528 1867 1582 sufficiunt:
1892 1553 1914 1573 ι

903 1611 1166 1675 Quartum
1189 1609 1449 1678 Trajanus
1476 1606 1698 1660 addidit.
1728 1607 1848 1659 Fuit
1874 1618 1925 1658 et

903 1690 1079 1741 forum
1096 1684 1925 1756 Domitianitransitorium,quod

904 1788 930 1821 a
942 1765 1488 1820 SuetonioMeebodium
1503 1763 1704 1817 dictum
1720 1766 1923 1817 volunt.

905 1845 1079 1900 Rhod.
1102 1846 1142 1897 l.
1169 1845 1446 1908 XXVIII,
1477 1864 1533 1915 p.
1568 1863 1651 1897 10.
1684 1846 1816 1896 Du..
1845 1876 1926 1886 —

903 1924 1185 1980 Muricibus.
1200 1924 1385 1976 Acutis
1404 1922 1672 1994 lapidibus
1689 1962 1705 1989 ,
1731 1941 1798 1975 ne
1813 1924 1927 1976 fora

905 2005 1133 2076 litigiosa
1164 2017 1274 2057 tam
1310 2003 1499 2055 crebro
1536 2003 1800 2073 litigantes
1834 2001 1927 2055 ad·

906 2087 1062 2139 irent.
1105 2083 1367 2136 Muricem
1414 2082 1638 2135 Veteres
1681 2081 1929 2137 dicebant

906 2165 1013 2218 saxi
1036 2181 1275 2216 acumen.
1291 2161 1444 2233 Virg.
1467 2160 1753 2224 AEneidN,
1786 2161 1890 2214 205
1913 2180 1926 2213 ε

908 2267 929 2287 ·
948 2244 1229 2297 Concussoe
1250 2254 1427 2294 cautes
1442 2280 1457 2305 ,
1479 2254 1530 2294 et
1552 2257 1708 2295 acuto
1729 2241 1931 2293 murice

909 2323 1044 2375 remi
1090 2321 1288 2373 Obnixi
1336 2338 1591 2391 crepuere
1627 2360 1642 2383 ,
1691 2320 1931 2390 illis-‘ique

909 2419 1069 2472 prora
1099 2399 1371 2471 pependit.
1397 2424 1418 2445 ι
1465 2400 1575 2451 Ubi
1621 2397 1678 2451 id
1721 2398 1932 2452 Servius

909 2478 1153 2545 adnotst3
1174 2492 1227 2531 et
1245 2476 1479 2548 ejusdem
1503 2479 1604 2530 loci
1624 2479 1932 2531 auctoritate

913 2558 1121 2612 Nonius
1161 2556 1480 2611 Marcellus:
1515 2584 1536 2604 ι
1556 2556 1819 2621 Murices,
1852 2558 1933 2610 in-

911 2639 1059 2710 quit,
1092 2649 1313 2690 vetustas
1336 2637 1492 2690 etiam
1517 2656 1763 2689 saxorum
1788 2656 1935 2710 aspe-

912 2718 1087 2770 ritates
1108 2714 1215 2768 dici
1240 2714 1427 2768 voluit.
1451 2743 1472 2762 υ
1513 2717 1560 2767 H
1570 2734 1694 2768 san.

995 2814 1048 2864 9.
1080 2796 1205 2846 Vela
1250 2815 1414 2864 nuper.
1447 2796 1580 2847 Vela
1624 2814 1821 2866 nuper,
1852 2797 1934 2847 in·

796 2923 811 2934 .
913 2875 1030 2946 quit
1046 2915 1060 2939 ,
1075 2873 1267 2928 coloris
1286 2873 1498 2927 cerulei
1521 2876 1625 2927 visa
1639 2914 1654 2937 ,
1676 2893 1736 2927 ac
1754 2872 1938 2927 distin-

915 2968 996 3008 cta
1017 2954 1177 3008 stellis
1191 2992 1208 3018 ,
1230 2971 1324 3024 per
1350 2956 1596 3006 rudentes
1616 2966 1824 3007 extenta
1840 2972 1939 3006 cu-

914 3052 1150 3098 currere,
1177 3032 1234 3085 in
1266 3033 1655 3102 amphitheatro
1697 3033 1936 3085 Neronis.

915 3115 1050 3167 Sunt
1076 3125 1128 3166 et
1147 3113 1309 3165 rubra
1338 3112 1392 3163 in
1414 3112 1554 3165 cavis
1572 3111 1766 3163 aedium
1783 3151 1798 3174 ,
1821 3131 1939 3182 quae

916 3211 1162 3247 muscum
1203 3192 1462 3245 virentem
1506 3209 1537 3243 a
1584 3192 1707 3244 solis
1749 3191 1940 3244 ardore

915 3269 1217 3326 defendant.
1243 3272 1425 3323 Hsnn.
1482 3319 1487 3327 ‚
1781 3330 1787 3335 ⁶

1004 3368 1090 3403 ιο.
1121 3350 1181 3401 In
1200 3351 1563 3417 anaplaielieatro.
1591 3351 1706 3426 Hoc
1731 3350 1941 3422 amphi-

915 3430 1179 3481 theatrum
1230 3447 1339 3481 esse
1410 3431 1703 3482 censuerim
1727 3469 1740 3490 ,
1797 3429 1940 3500 quod

916 3507 1257 3577 Tranquillus
1280 3508 1336 3559 in
1378 3509 1593 3560 Nerone
1613 3549 1628 3574 ,
1658 3527 1775 3580 cap.
1821 3527 1901 3561 xu
1924 3546 1936 3565 .

915 3586 1155 3655 ligneum
1199 3586 1356 3639 fuisse
1405 3586 1538 3640 dicit
1563 3626 1581 3652 ,
1624 3588 1680 3639 in
1725 3589 1942 3658 regione

916 3665 1098 3717 Martii
1143 3665 1332 3734 Campi
1376 3666 1510 3718 intra
1548 3667 1674 3718 anni
1714 3669 1940 3736 spatium

915 3744 1248 3798 fabricatum.
1269 3745 1350 3796 De
1367 3763 1476 3814 quo
1492 3759 1544 3798 et
1563 3746 1727 3799 Tacit.
1750 3747 1940 3799 Annal.

921 3825 1054 3877 xm
1072 3864 1087 3886 ‚
1107 3841 1162 3893 p.
1193 3825 1297 3877 208
1318 3842 1332 3875 ι
1356 3844 1376 3866 ·
1396 3824 1610 3876 Nerone
1632 3824 1944 3890 secundum,

916 3905 977 3956 L.
1024 3904 1213 3955 Pisone
1268 3920 1401 3956 coss.
1465 3921 1631 3973 pauca
1691 3906 1942 3958 memoria

914 3983 1073 4053 digua
1101 3999 1352 4035 evenere:
1381 3982 1481 4033 nisi
1509 3983 1774 4037 cuilibeat
1795 4025 1809 4046 ,
1830 3985 1941 4037 lau-

915 4062 1102 4114 dandis
1156 4060 1516 4116 fundamentis
1570 4076 1623 4115 et
1668 4064 1901 4122 trabibus
1928 4104 1942 4128 ,

2004 1053 2154 1125 queis
2205 1053 2402 1104 molem
2454 1051 2833 1122 amphitheatri
2898 1050 3039 1120 apud

2006 1131 2268 1202 Campum
2291 1129 2475 1185 Martis
2493 1132 2664 1184 Caessr
2688 1143 3036 1184 exstruxerat.

2005 1211 2275 1264 volumina
2291 1211 2531 1281 implere.
2556 1236 2578 1257 ·
2605 1212 2686 1264 De
2705 1210 2841 1263 velis
2862 1211 2937 1262 ibi
2961 1228 3040 1261 ex·

2009 1292 2166 1344 tentis
2180 1292 2308 1355 ,Dio
2320 1291 2522 1354 LXIII,
2541 1288 2672 1342 dum
2690 1309 2778 1342 res
2795 1290 3039 1361 gestasiis

2008 1368 2197 1422 diebus
2219 1382 2490 1422 enumerat
2508 1409 2523 1433 ,
2549 1369 2748 1440 quibus
2769 1388 2799 1420 a
2823 1370 3040 1421 Nerone

2011 1449 2282 1503 Armenia
2303 1467 2520 1519 reguum
2548 1446 2783 1500 Tiridati
2827 1467 3039 1501 conces·

2006 1545 2126 1580 snm
2155 1542 2232 1581 est
2255 1546 2267 1580 ε
2293 1529 2429 1597 Τάγι
2468 1529 2554 1599 μὲν
2581 1530 3038 1599 παραπετάσματι

2009 1607 2077 1659 τὰ
2104 1603 2195 1659 διὰ
2227 1613 2312 1661 τοῦ
2343 1609 2477 1677 ἀέρος
2518 1602 2861 1667 Stat-divite,
2915 1612 3036 1667 ὅπως

2011 1689 2094 1739 τὸν
2123 1685 2250 1743 ἥλιον
2298 1687 2559 1757 ἀπερύκοι,
2600 1687 2820 1757 ἁλουργὰ
2845 1684 2905 1743 ἦν
2929 1710 2940 1722 ·
2960 1689 3036 1739 καὶ

2013 1768 2059 1818 ἰν
2087 1768 2224 1837 μέσῳ
2254 1768 2411 1818 αὐτῶν
2442 1767 2853 1835 Quibusnam&
2881 1769 3034 1835 Nt'pffl

2015 1848 2231 1905 ὖνίςωιτο
2247 1869 2259 1882 ·
2279 1845 2416 1916 πέριξ
2441 1842 2502 1897 δὲ
2533 1847 2701 1916 αῖς-ἔρος
2729 1850 2911 1916 χρυσοῖ
2929 1848 3033 1897 ἐπί·

2011 1932 2227 1994 λαμπον.
2262 1951 2284 1971 ι
2309 1925 2442 1977 Vela
2472 1942 2568 1995 per
2591 1942 2773 1977 aerem
2800 1939 3005 1978 extensa
3021 1964 3034 1982 .

2015 2005 2140 2064 solis
2156 2002 2371 2056 arcendi
2393 2022 2848 2075 causamur-pure·
2867 2017 3034 2057 erant:

2015 2101 2245 2155 quorum
2277 2084 2331 2135 in
2360 2080 2535 2134 medio
2575 2083 2721 2135 Nero
2744 2102 2851 2137 acu
2877 2086 3037 2155 pictus

2017 2181 2234 2215 currum
2262 2163 2492 2232 agitabat
2515 2182 2528 2213 :
2555 2163 2693 2217 circa
2714 2163 2869 2215 hunc
2891 2164 3035 2216 undi-

2017 2260 2121 2313 que
2139 2242 2302 2293 sidera
2322 2241 2572 2295 lucebant
2598 2260 2754 2295 aurea
2771 2281 2788 2306 ,
2809 2256 2943 2295 (πο.-
2976 2245 3034 2294 Η.

2107 2338 2127 2371 1
2145 2340 2167 2373 1
2183 2358 2196 2371 .
2225 2319 2369 2372 Cavis
2381 2322 2572 2373 oede'um.
2595 2320 2931 2385 Cavaedium,
2956 2342 3034 2374 seu

2018 2418 2143 2453 cava
2162 2398 2355 2451 edium
2384 2397 2498 2462 (tot
2531 2402 2675 2454 enim
2714 2400 2896 2454 modis
2930 2421 3034 2472 pro-

2021 2476 2233 2540 ferunt)
2277 2481 2426 2549 quasi
2468 2480 2660 2533 adium
2690 2500 2882 2543 cavea,
2914 2484 3034 2532 Var-

2020 2560 2137 2611 roni
2170 2559 2262 2611 lib.
2295 2559 2376 2611 IV
2405 2558 2474 2612 de
2503 2561 2652 2629 Ling.
2686 2561 2862 2614 Latin.
2903 2563 3033 2615 locus

2023 2651 2187 2692 tectus
2212 2653 2263 2690 et
2311 2640 2518 2710 patulus
2554 2641 2694 2692 intra
2726 2642 2956 2711 parietes
2979 2639 3033 2692 ad

2023 2719 2261 2770 omnium
2306 2738 2642 2772 communem
2675 2739 2852 2773 usum.
2894 2722 2966 2773 Ut
2988 2722 3033 2772 in

2024 2799 2233 2850 theatro
2258 2816 2414 2851 cavea
2444 2800 2592 2856 locus
2618 2800 2748 2864 suit,
2777 2820 2809 2853 e
2835 2820 2944 2870 quo
2969 2819 3032 2852 se·

2024 2875 2155 2929 dens
2174 2879 2408 2948 populus
2437 2878 2590 2931 ludos
2611 2892 2663 2931 et
2690 2881 2909 2949 publica
2932 2900 3036 2932 mu·

2024 2973 2149 3008 nera
2179 2959 2448 3026 spectabat
2473 2977 2485 3009 =
2510 2960 2586 3011 sic
2613 2958 2911 3013 esvoedium
2940 2980 3034 3012 am·

2025 3034 2226 3087 bulatio
2267 3050 2320 3087 et
2362 3040 2623 3108 porticus,
2659 3042 3037 3094 monachornm

2028 3114 2313 3184 peristyliis
2339 3118 2555 3181 similis,
2583 3137 2614 3170 e
2641 3120 2900 3191 qua,-qui
2931 3140 3037 3193 spa·

2027 3192 2225 3246 tiantur
2248 3234 2262 3258 ,
2288 3195 2622 3265 proditurum
2652 3197 2933 3251 dominum
2962 3220 3035 3252 ex-

2027 3286 2319 3342 spectantes
2344 3315 2358 3337 ,
2412 3277 2731 3347 impluvium
2758 3316 2775 3343 ,
2826 3277 2884 3331 id
2932 3293 3034 3340 est,

2027 3371 2202 3404 aream
2231 3354 2288 3405 in
2313 3373 2471 3425 quam
2495 3356 2736 3428 impluit,
2767 3358 3036 3428 aspiciunt.

2029 3432 2199 3484 Graeci
2248 3437 2488 3502 μέσαυὶον
2534 3449 2725 3488 vocant
2755 3454 2768 3489 z
2811 3450 2865 3489 et
2909 3451 3037 3491 recte

2029 3509 2277 3579 quidem.
2307 3515 2556 3581 quoniam
2583 3514 2639 3567 in
2660 3515 2841 3568 medio
2869 3531 2948 3571 est
2972 3532 3038 3572 to·

2018 3590 2134 3642 'tius
2162 3590 2395 3655 aedificii,
2417 3586 2612 3664 nempe
2638 3597 3038 3658 coenaculorum,

2028 3670 2301 3735 cellarum,
2314 3686 2366 3724 et
2382 3673 2755 3727 cubiculorum
2769 3712 2786 3737 ,
2806 3689 2862 3728 ut
2875 3689 3039 3746 aperte

2031 3748 2206 3803 Varro
2229 3750 2445 3803 indicat.
2467 3755 2671 3806 Dante.

2116 3848 2136 3881 ι
2154 3848 2204 3881 a.
2242 3830 2446 3883 Coetero.
2477 3832 2797 3886 Diut‘urnior
2820 3835 2919 3887 fuit
2942 3852 3040 3903 gra·

2032 3907 2102 3958 tia
2142 3908 2385 3962 candoris
2428 3911 2481 3963 in
2523 3913 2635 3964 lino
2662 3931 2675 3962 τ
2701 3913 2811 3966 sive
2857 3912 3040 3966 candor

2030 3986 2086 4037 in
2117 3988 2228 4040 lino
2255 3990 2455 4042 coeteris
2484 3992 2753 4044 coloribus
2775 3993 2953 4061 potior
2975 3993 3039 4042 vi·

2029 4085 2115 4118 sus
2149 4081 2241 4121 est.
2272 4069 2454 4120 Hann.
