3150 5150
758 657 895 759 598

1312 663 1391 730 C.
1444 663 1772 732 PLINII
1817 663 2031 734 NAT.
2083 664 2334 730 HIST.

756 792 903 864 bilis
942 793 1169 862 odium
1213 795 1365 862 vitae
1382 777 1429 817 ¹³
1462 791 1764 864 fecisset:
1807 797 1960 862 item
2011 792 2360 889 plerosque
2397 790 2579 861 alios».
2625 799 2780 882 Qua
2821 795 2904 863 de

758 967 911 1020 -Ρ,
922 966 1115 1018 Licinii.
1146 966 1211 1018 lu
1238 965 1391 1019 MSS.
1410 967 1472 1019 R.
1512 985 1533 1019 ι
1550 1003 1568 1032 ,
1595 987 1624 1020 s
1642 1004 1656 1024 .
1680 981 1779 1020 etc.

756 1047 1028 1098 Postlicini.
1046 1045 1203 1099 Forte
1216 1065 1317 1117 pro
1330 1045 1571 1098 Postumii
1589 1048 1778 1100 Licinii.

757 1123 1039 1197 Sedquod
1070 1123 1138 1178 sd
1166 1143 1351 1178 vocem
1378 1125 1547 1178 Bom‘li
1564 1127 1782 1191 attinet,

754 1225 912 1276 quatu
942 1205 1065 1258 libri
1090 1223 1275 1260 omnes
1299 1205 1638 1276 pertinaciter
1662 1205 1778 1258 reti·

755 1297 915 1350 nent,
948 1303 1009 1338 en
1040 1286 1083 1338 si
1122 1285 1316 1339 mutari
1346 1284 1535 1349 debet,
1574 1303 1686 1338 nou
1720 1286 1778 1338 in

756 1364 955 1430 Bilbili,
970 1361 1119 1436 quod
1136 1383 1333 1418 nomeu
1352 1363 1541 1437 oppidi
1559 1364 1777 1437 quidem

753 1445 810 1496 iu
830 1443 1083 1514 Hispania
1108 1456 1216 1508 est,
1246 1442 1337 1497 sed
1356 1443 1503 1517 quod
1531 1462 1558 1496 ο
1587 1445 1778 1497 veteris

754 1523 1023 1594 scripturn
1050 1524 1283 1594 vestigiis
1300 1523 1499 1578 recedit
1516 1543 1642 1578 saue
1659 1525 1777 1576 lon-

754 1604 889 1674 gius,
909 1621 1209 1676 quanquam
1238 1622 1301 1656 en
1320 1605 1423 1656 fuit
1451 1604 1776 1675 Dalecampii

752 1685 1055 1752 ooujecturu
1074 1723 1089 1746 ‚
1124 1703 1283 1753 quam
1312 1683 1594 1736 Salmasius
1623 1682 1778 1736 nvide

754 1761 1009 1832 arripuit,
1040 1763 1095 1814 iu
1124 1761 1291 1815 Soliu.
1319 1782 1373 1833 p.
1418 1765 1563 1834 8763
1602 1761 1692 1816 sed
1723 1763 1776 1815 iu

756 1839 930 1910 Bajuta·
954 1841 1166 1912 potius,
1198 1841 1339 1913 quod
1370 1845 1541 1894 multo
1562 1841 1780 1894 affinius

754 1934 861 1986 est,
904 1939 1073 1992 quum
1112 1921 1337 1974 totidem
1376 1920 1533 1991 plane
1568 1941 1672 1974 vox
1719 1940 1780 1975 ea

754 2013 955 2054 constet
980 2000 1221 2070 apicibus
1236 2041 1251 2064 ‚
1274 2001 1515 2054 converti
1534 1999 1780 2055 credide·

754 2079 859 2132 rim
886 2092 1151 2150 oportere.
1176 2079 1355 2133 Fuisse
1376 2079 1517 2132 enim
1538 2085 1644 2152 jam
1667 2095 1782 2134 tum

756 2157 971 2212 videtur
1012 2158 1069 2211 in
1110 2159 1391 2230 Hispania,
1431 2171 1488 2212 ut
1528 2159 1690 2214 modo
1725 2161 1782 2214 in

758 2237 957 2303 Gellia,
992 2237 1049 2292 id
1096 2240 1340 2310 protoris
1370 2258 1567 2293 nomen
1607 2258 1622 2293 ε
1658 2258 1780 2292 uam

755 2336 889 2390 quos
898 2318 1124 2372 Ballivos
1138 2318 1384 2386 dicimus,
1398 2339 1427 2372 a
1438 2339 1567 2372 voce
1579 2319 1784 2390 Bujulos

756 2395 927 2451 dictos
960 2399 1183 2452 omuino
1216 2411 1449 2464 constat,
1486 2412 1543 2452 ut
1578 2399 1784 2470 egregie

758 2475 1053 2532 observavit
1082 2479 1153 2532 V.
1190 2479 1254 2533 C.
1282 2481 1347 2532 D.
1378 2479 1499 2532 Du·
1518 2479 1696 2549 Gange
1728 2480 1781 2532 in

758 2555 929 2611 Gloss.
952 2575 1007 2629 p.
1032 2557 1167 2623 436,
1188 2557 1331 2630 apud
1356 2578 1515 2630 quem
1539 2571 1592 2613 et
1617 2560 1786 2632 Bajuli

762 2654 943 2689 vocem
976 2656 1077 2707 pro
1110 2637 1313 2691 Ballivo
1344 2640 1590 2710 usurpari
1621 2658 1787 2711 soepe,

760 2726 813 2769 et
834 2734 937 2787 pro
961 2728 1313 2769 mercatorum
1336 2718 1592 2783 Praetor-e,
1614 2732 1666 2771 et
1688 2738 1789 2790 pro

759 2793 876 2849 aliis
930 2795 1352 2866 magistratibus,
1390 2795 1571 2849 videre
1643 2798 1782 2851 licet.

760 2874 971 2929 stabilit
1018 2875 1224 2947 egregie
1276 2876 1632 2948 conjecturem
1685 2896 1786 2930 no·

760 2966 951 3019 stram,
988 2952 1135 3027 quod
1180 2956 1223 3008 is
1262 2957 1373 3027 ipse
1417 2956 1505 3027 qni
1548 2974 1690 3009 nunc
1729 2958 1786 3010 iu

763 3034 1014 3106 Hisponia
1044 3034 1257 3105 stulus
1285 3036 1612 3107 appellatur,
1645 3034 1786 3090 idem

762 3115 923 3183 paulo
937 3132 1078 3179 mox,
1090 3134 1138 3169 c.
1159 3117 1190 3168 8
1204 3134 1224 3168 1
1236 3152 1251 3175 ‚
1263 3114 1527 3187 Hispania
1541 3115 1790 3188 princeps

766 3206 1003 3247 vocatur.
1025 3192 1204 3248 Hsstn.

852 3292 875 3327 1
889 3274 941 3326 3.
971 3274 1131 3343 Quum
1158 3274 1386 3327 valetudo
1412 3276 1690 3344 impatibilis
1705 3276 1785 3328 od.

766 3354 903 3404 vita.
929 3351 1131 3407 Omnes
1158 3352 1445 3424 impetibilis.
1483 3354 1670 3427 Neque
1701 3355 1789 3409 hic

766 3430 956 3497 modo,
987 3430 1081 3486 sed
1114 3434 1269 3486 etiam
1310 3452 1427 3504 cap.
1464 3453 1536 3487 ao
1564 3454 1579 3485 ι
1617 3462 1640 3481 .
1663 3454 1788 3506 pro·

766 3522 885 3580 pter
912 3511 1229 3584 impetibiles
1258 3532 1373 3567 uvae
1408 3514 1634 3566 morbos.
1663 3542 1683 3562 .
1722 3514 1788 3569 Et

764 3588 861 3641 lib.
886 3591 1064 3654 XXV,
1102 3592 1130 3645 5
1158 3610 1174 3649 z
1211 3620 1232 3639 ι
1260 3592 1341 3645 Ne
1364 3592 1554 3646 nubilo
1581 3592 1670 3647 die
1694 3593 1785 3647 de·

766 3681 883 3731 tur,
928 3670 1251 3739 impetibiles
1290 3674 1491 3745 quippe
1524 3674 1786 3729 cruciatus

762 3748 1070 3802 exsistunt·
1100 3749 1317 3803 Notavit
1340 3765 1391 3804 et
1424 3754 1479 3805 in
1512 3754 1620 3805 suis
1660 3754 1785 3806 Fer-

761 3826 1028 3881 dinandus
1048 3828 1257 3882 Nonius
1278 3830 1576 3897 Pintianus,
1607 3834 1674 3885 ab
1701 3838 1786 3885 im·

750 3921 870 3977 petet
892 3907 1135 3962 videlicet
1153 3900 1396 3981 (inquit),
1415 3930 1523 3963 non
1548 3932 1578 3963 a
1593 3916 1776 3981 patior.

754 3990 799 4041 A
828 4008 937 4061 quo
968 3988 1110 4042 haud
1135 3988 1242 4042 scio
1266 4009 1333 4042 ιιιι
1362 3991 1656 4062 acceperit.
1685 3990 1776 4045 sed

753 4079 927 4123 tamen
954 4089 1122 4140 quum
1150 4071 1402 4145 Apuleius
1432 4072 1491 4123 in
1516 4072 1774 4143 Apologia

749 4144 998 4214 dixisset,
1034 4172 1055 4192 ι
1074 4150 1255 4204 sceleri
1292 4148 1544 4203 adversus
1578 4170 1770 4221 paren·

747 4239 851 4279 tem
881 4228 1131 4296 nefando,
1158 4230 1397 4293 immani,
1420 4230 1720 4302 impetibili‚
1737 4258 1758 4279 1.

1869 967 2134 1020 nuntiavit
2155 967 2226 1018 Is.
2251 964 2624 1028 Cnssubonus,
2645 985 2810 1036 quam
2837 969 2909 1020 le·

1869 1059 2054 1116 gerent
2079 1045 2261 1117 plures
2283 1043 2708 1116 intelligentibus
2733 1066 2747 1098 :
2779 1067 2904 1116 pro-

1874 1127 1990 1195 prie
2035 1127 2176 1178 euim
2205 1123 2458 1194 impetibile
2491 1143 2606 1177 esse
2634 1123 2692 1178 id
2711 1163 2726 1186 ‚
2757 1125 2904 1198 quod

1867 1204 2114 1274 petitioni
2137 1204 2432 1257 obnoxium
2453 1217 2558 1268 est,
2573 1203 2726 1274 quod
2749 1205 2904 1258 facile

1868 1296 2041 1354 potest
2063 1285 2286 1356 impeti:
2311 1283 2388 1336 sie
2413 1283 2660 1337 solinum
2687 1283 2758 1336 de
2777 1286 2904 1336 cha-

1869 1363 2142 1416 maeleoute
2165 1381 2179 1415 :
2211 1390 2232 1410 ι
2251 1363 2574 1433 Impetibilis
2595 1377 2676 1416 est
2693 1365 2868 1417 coraci
2887 1403 2903 1429 ,

1867 1461 1896 1495 s
1940 1461 2048 1515 quo
2076 1461 2242 1514 quum
2305 1441 2614 1496 interfectus
2661 1455 2742 1496 est
2761 1483 2778 1508 ‚
2827 1445 2903 1494 vi-

1869 1535 2068 1576 ctorem
2095 1541 2252 1574 suum
2281 1522 2512 1592 perimit.
2543 1549 2568 1570 ι
2615 1523 2767 1587 Nee,
2803 1525 2904 1576 uisi

1869 1601 2012 1656 fallat
2055 1602 2344 1665 memoris,
2379 1619 2493 1654 esse
2539 1603 2898 1673 antiquiorem

1865 1681 2070 1745 Soliuo,
2097 1682 2190 1753 qui
2231 1699 2346 1732 eam
2388 1700 2572 1740 vocem
2611 1684 2900 1752 usurparit.

1865 1759 2046 1814 Postea
2086 1761 2303 1833 coepisse
2347 1761 2514 1832 accipi
2553 1760 2623 1814 de
2657 1781 2718 1814 re
2763 1765 2902 1833 turpi

1865 1852 1920 1893 et
1998 1839 2395 1912 reprehensioni
2477 1841 2713 1892 obnoxia
2749 1881 2767 1903 ‚
2847 1854 2902 1893 ut

1867 1918 2006 1991 spud
2051 1921 2334 1991 Apuleium
2385 1933 2438 1973 et
2485 1919 2866 1990 Symmachum
2887 1962 2902 1984 ‚

1865 1999 1959 2052 lib.
1989 2001 2066 2052 lx
2089 2037 2104 2063 ,
2132 1999 2288 2070 epist.
2327 1999 2451 2054 103.
2477 2000 2544 2050 In
2587 2001 2694 2052 alia
2719 2001 2898 2052 omnia

1867 2079 1944 2132 ire
1979 2079 2310 2132 Glossarium
2350 2097 2364 2131 :
2397 2079 2694 2149 Impetibile‚
2735 2080 2900 2132 ἀνεπι-

1865 2160 2106 2229 pipat-w,
2131 2153 2516 2215 ἂνιιτιι-ήδιυτον
2545 2181 2559 2193 ·
2587 2159 2744 2230 quasi
2774 2179 2904 2231 prae-

1867 2239 2059 2310 positio
2091 2239 2308 2291 haberet
2349 2237 2458 2292 vim
2497 2237 2774 2310 negandi,
2811 2258 2900 2291 ne-

1867 2337 1972 2390 que
2013 2317 2268 2373 absurde:
2303 2317 2392 2370 sed
2423 2336 2532 2370 nou
2565 2319 2638 2370 ita
2669 2337 2724 2370 se
2757 2337 2902 2371 usur-

1871 2411 2052 2470 patum
2081 2399 2282 2468 legisse.
2314 2397 2400 2450 Sic
2439 2397 2566 2450 ille:
2588 2417 2694 2451 nec
2729 2402 2902 2470 potuit

1867 2479 1951 2531 vir
1979 2491 2152 2530 tantus
2185 2477 2328 2542 labi,
2353 2477 2482 2548 quin
2513 2477 2700 2530 multis
2737 2477 2898 2530 lubri-

1869 2578 1992 2611 cum
2038 2557 2381 2629 relinqueret.
2435 2557 2622 2629 Neque
2667 2575 2770 2629 ego
2817 2558 2896 2611 Fr.

1869 2638 2116 2690 Juretum
2146 2657 2353 2702 moror,
2381 2638 2475 2708 qui
2499 2637 2650 2710 quod
2671 2638 2896 2702 Glossae,

1873 2716 2136 2788 Impeeibelae
2159 2758 2174 2780 ,
2221 2716 2480 2788 improbum
2499 2760 2516 2783 ‚
2560 2737 2772 2781 smum,
2811 2720 2896 2770 ha·

1869 2796 2032 2861 beut,
2075 2794 2254 2849 reddit
2302 2816 2500 2849 scoevm
2537 2816 2555 2847 .·
2601 2815 2712 2849 uon
2763 2797 2896 2870 Seip.

1873 2876 2136 2930 Gentilem
2156 2913 2173 2937 ,
2215 2876 2300 2929 cui
2335 2876 2590 2946 impetibile
2623 2877 2696 2929 ab
2739 2877 2899 2948 impe-

1873 2955 2065 3019 tendo,
2095 2956 2244 3027 quasi
2271 2956 2516 3026 petitioni
2541 2969 2594 3008 et
2617 2958 2898 3027 repreben-

1871 3036 2006 3090 sioni
2030 3036 2324 3087 obuoxium
2350 3054 2365 3089 ι
2393 3053 2500 3087 non
2527 3036 2664 3088 Ger.
2689 3036 2896 3089 Elmen-

1873 3116 2163 3179 horstinm,
2199 3116 2286 3167 cui
2317 3114 2588 3185 impetibilis
2625 3114 2896 3186 impurus:

1871 3214 1980 3248 non
1999 3194 2123 3247 soh.
2143 3194 2396 3247 Pricaeum
2414 3232 2430 3259 ‚
2459 3196 2586 3266 qui,
2612 3208 2674 3247 ut
2698 3194 2899 3265 aliquid

1871 3275 1996 3327 novi
2017 3273 2204 3336 addat,
2232 3294 2334 3345 pro
2361 3274 2668 3345 impetuoso
2695 3272 2896 3326 dictum

1871 3366 2076 3419 censet,
2109 3354 2484 3415 translatione,
2513 3366 2576 3405 ut
2605 3355 2678 3406 eit
2695 3393 2710 3417 ‚
2741 3356 2893 3407 nimis

1872 3432 2030 3486 obvia
2052 3474 2067 3497 ,
2104 3450 2222 3505 qun
2265 3432 2549 3485 sceleribus
2591 3432 2892 3486 violentiam

1873 3513 2090 3567 tribuat.
2117 3514 2236 3583 Ipse
2263 3512 2560 3575 Salmasius,
2589 3532 2644 3582 p.
2676 3516 2790 3583 876
2815 3515 2899 3566 So-

1875 3593 2160 3658 lininnum,
2193 3592 2462 3662 impetibilis
2501 3602 2576 3643 est
2610 3596 2807 3657 como-i,
2851 3596 2896 3645 iu

1871 3671 2058 3725 ’eodem
2105 3670 2236 3725 ludo
2286 3670 2504 3724 edoctus
2555 3672 2784 3743 explieat
2807 3715 2820 3735 ,
2871 3690 2894 3723 a

1872 3771 2055 3806 corace
2093 3751 2277 3821 impeti
2327 3755 2458 3804 solet
2477 3790 2494 3815 ‚
2531 3750 2802 3805 obnoxius
2831 3766 2900 3805 est

1873 3831 2189 3904 impetitioni
2204 3832 2541 3895 corvLTum,
2557 3856 2580 3875 ι
2599 3830 2746 3883 Alias
2764 3836 2899 3902 inpe-

1867 3912 2023 3979 tibist,
2049 3911 2220 3982 inquit
2235 3950 2250 3974 ‚
2272 3910 2445 3963 Latini
2463 3924 2724 3980 usurpant
2747 3914 2894 3963 etiam

1867 3992 2066 4063 agentis
2081 3990 2463 4061 significatione
2478 4028 2493 4055 ‚
2515 4008 2618 4061 pro
2637 4008 2733 4054 eo,
2757 3989 2892 4061 quod

1868 4074 2127 4143 impetere
2166 4071 2323 4136 solet,
2363 4088 2472 4123 nou
2509 4068 2660 4141 quod
2688 4070 2893 4141 impeti-

1865 4164 1982 4205 tur:
2002 4178 2026 4197 ·-
2045 4150 2148 4203 huc
2167 4150 2330 4203 Plinii
2355 4148 2465 4203 duo
2485 4149 2654 4202 refert
2679 4162 2734 4202 et
2755 4154 2892 4220 Apu·

1859 4230 1950 4285 leii
1974 4229 2372 4294 locs.·Deinde,
2415 4230 2552 4283 Saue
2577 4230 2887 4283 recentiores

744 4307 930 4359 miram
952 4308 1050 4362 hac
1068 4310 1285 4363 notione
1302 4330 1483 4364 vocem
1502 4330 1616 4363 eam
1643 4331 1763 4383 pro·
1849 4310 2026 4366 Latini
2045 4328 2144 4382 pro
2157 4310 2364 4363 remala
2381 4322 2432 4362 et
2447 4310 2878 4370 inhonestarent,
