3150 5150
821 463 972 551 434
1348 464 1427 532 C.
1483 462 1823 534 PLINII
1877 463 2099 534 NAT.
2156 465 2413 536 HIST.

819 611 888 666 et
915 619 1038 692 per
1065 619 1219 664 eum
1249 595 1476 665 Druso
1507 597 1753 666 Coesari
1792 595 2117 668 fastiditus
2130 649 2151 685 ,
2186 621 2325 668 non
2352 596 2496 666 sine
2528 593 2971 689 castigatione

815 703 1062 773 Tiberii
1090 701 1318 796 patris.
1357 701 1516 772 Post
1550 725 1811 796 cymam
1842 727 1925 772 ex
1968 702 2199 773 eadem
2237 703 2527 772 brassica
2555 703 2969 794 contingunt

817 809 1022 878 aestivi
1065 805 1613 902 autumnalesque
1654 807 1993 893 cauliculi,
2036 833 2192 878 mox
2228 809 2525 893 hiberni,
2584 810 2967 900 iterumque

817 939 1060 1008 cymae,
1089 910 1274 982 nullo
1303 938 1490 1008 aeque
1521 939 1763 1009 genere
1798 914 2173 1002 multifero,
2201 915 2417 986 donec
2454 938 2575 984 sua
2617 913 2967 984 fertilitate

817 1034 1268 1090 consumatur.
1286 1021 1508 1090 Tertia
1537 1020 1752 1090 circa⁷
1792 1018 2189 1092 solstitium:
2226 1045 2309 1091 ex
2348 1044 2483 1114 qua
2522 1021 2577 1090 si
2619 1018 2967 1090 humidior

815 1126 1002 1196 locus
1041 1141 1143 1198 est
1165 1178 1186 1211 ,
1211 1140 1482 1196 aestate:
1525 1127 1574 1196 si
1622 1129 1861 1198 siccior
1881 1178 1901 1212 ,
1930 1141 2253 1196 autumno
2297 1125 2653 1223 plantatur.
2696 1129 2967 1194 Humor

815 1232 1146 1328 fimusque
1187 1233 1240 1301 si
1275 1231 1583 1317 defuere,
1638 1234 1854 1328 major
1882 1235 2135 1330 saporis
2184 1235 2395 1329 gratia
2440 1247 2541 1302 est
2576 1257 2592 1300 :
2642 1234 2701 1302 si
2756 1231 2963 1300 abun·

813 1339 1080 1422 davere,
1103 1337 1312 1408 laetior
1340 1337 1658 1408 fertilitas
1683 1341 1941 1410 Fimum
1966 1341 2293 1410 asininum
2318 1341 2601 1408 maxime
2624 1341 2959 1408 convenit.

745 1457 776 1508 3
923 1449 1044 1518 Est
1067 1444 1210 1514 haec
1236 1468 1502 1539 quoque
1527 1469 1633 1514 res
1656 1446 1829 1516 inter
1864 1470 2067 1541 opera
2092 1469 2318 1542 ganeae
2344 1467 2361 1511 ε
2384 1457 2803 1540 quapropter
2830 1469 2960 1512 non

813 1551 1066 1646 pigebit
1102 1550 1444 1620 verbosius
1473 1553 1801 1645 persequi.
1833 1553 2211 1647 Praecipuus
2244 1551 2322 1620 fit
2364 1550 2568 1622 caulis
2604 1575 2850 1646 sapore
2884 1575 2959 1618 ac

813 1656 1310 1752 magnitudine,
1353 1657 1641 1752 primum
1686 1658 1983 1727 omnium
2042 1659 2097 1728 si
2154 1659 2226 1727 in
2274 1658 2679 1752 repastinato
2732 1681 2958 1726 seras:

814 1761 970 1836 dein
1017 1764 1072 1832 si
1117 1777 1364 1833 terram
1408 1762 1737 1857 fugientes
1776 1763 2137 1834 cauliculos
2170 1787 2353 1834 seces
2376 1816 2397 1851 ‚
2432 1787 2475 1832 a
2515 1778 2832 1856 terraque
2866 1777 2953 1830 at-

815 1867 1122 1940 tollentes
1151 1894 1221 1940 se
1255 1871 1655 1964 proceritate
1694 1869 2030 1942 luxuriosa
2076 1869 2540 1965 exaggerando
2578 1868 2781 1938 aliam
2799 1854 2823 1892 ⁸
2860 1892 2955 1937 ae-

813 1973 1146 2060 cumules,
1173 1976 1262 2047 ita
1300 2001 1385 2044 ne
1424 1974 1575 2070 plus
1616 1999 1819 2071 quam
1864 2001 2186 2048 cacumen
2231 1978 2539 2046 emineat.
2586 1975 2951 2046 Tritianum

811 2083 942 2153 hoc
980 2107 1188 2177 genus
1225 2097 1528 2166 vocatur,
1567 2081 1669 2152 bis
1699 2081 2129 2178 computabili
2166 2081 2536 2178 impendio,
2572 2081 2918 2175 taedioque.

751 2209 784 2265 4
934 2192 1192 2259 Caetera
1224 2211 1466 2281 genera
1493 2187 1841 2284 complura
1866 2204 2040 2260 sunt.
2074 2191 2452 2260 Cumanum
2470 2187 2499 2227 ⁹
2530 2185 2737 2258 sessili
2785 2185 2951 2270 folio,

818 2299 1037 2392 eapite
1073 2294 1394 2390 patulum.
1419 2296 1761 2366 Aricinum
1786 2293 1833 2318 '⁰
1874 2292 2227 2366 altitudine
2257 2321 2393 2365 non
2424 2293 2783 2375 excelsius,
2810 2292 2949 2364 folio

817 2401 1232 2471 numerosius
1253 2449 1273 2481 ,
1320 2403 1837 2494 quam=tenuius.
1876 2405 2025 2472 Hoc
2066 2401 2479 2472 utilissimum
2518 2402 2948 2484 existimatur,

816 2509 970 2603 quia
1003 2507 1128 2577 sub
1160 2506 1468 2577 omnibus
1497 2532 1684 2603 paene
1728 2507 1899 2579 foliis
1940 2507 2272 2579 fruticat¹'
2307 2506 2647 2579 cauliculis
2686 2505 2947 2603 peculia·

811 2615 1013 2684 ribus.
1083 2614 1561 2707 Pompeianum
1582 2612 1628 2639 ¹²
1688 2617 2061 2709 procerum,
2116 2613 2305 2685 caule
2348 2615 2435 2685 ab
2476 2614 2699 2685 radice
2742 2615 2945 2697 tenui,

814 2784 899 2838 hia
921 2781 1180 2837 Martialis
1191 2798 1407 2853 quoque
1423 2820 1439 2845 ,
1459 2781 1560 2834 lib.
1582 2782 1653 2847 V,
1678 2782 1843 2855 epigr.

817 2882 978 2919 mxxix
993 2900 1010 2927 ,
1031 2862 1171 2914 inter
1196 2878 1358 2914 coenae
1377 2862 1575 2916 fercula
1599 2880 1614 2914 ε
1640 2888 1663 2909 ι
1681 2863 1851 2916 Pone-

1936 2784 2149 2838 Tiberia
2178 2803 2304 2839 arva
2318 2822 2335 2849 ,
2360 2783 2541 2855 Brutia
2560 2800 2685 2854 quo
2704 2782 2885 2845 tellus,
2902 2794 2949 2835 et

1936 2877 2108 2918 mater
2128 2864 2303 2917 Aricia
2329 2864 2494 2937 porri.
2512 2888 2534 2911 ι
2562 2864 2632 2916 Et
2648 2874 2829 2916 nostra
2846 2874 2950 2915 atas

817 2958 910 2997 tur
949 2938 1127 3012 dig-itia
1169 2938 1434 2994 tenendus
1465 2942 1639 2995 unctis
1687 2941 1849 3014 Nigra

817 3021 1108 3077 cauliculus
1129 3022 1306 3073 virens
1322 3021 1540 3091 patella,
1563 3020 1851 3094 Algentem

819 3100 986 3156 modo
1013 3101 1108 3171 qui
1133 3100 1348 3172 reliquit
1372 3101 1612 3154 hortum.
1638 3126 1661 3147 n
1699 3100 1767 3154 Η.

900 3202 951 3253 7.
973 3182 1144 3257 Tereia
1169 3186 1318 3235 cie-oa.
1345 3180 1554 3252 Nempe
1575 3181 1730 3234 tertia
1756 3200 1851 3252 cy-

820 3280 923 3315 ma.
951 3260 1132 3316 man.

907 3343 960 3395 8.
1003 3340 1375 3412 Euggemndo
1413 3340 1581 3393 aliam.
1626 3340 1849 3393 Terram

821 3418 1122 3491 aggerando
1159 3438 1224 3473 ac
1249 3417 1751 3474 circumfundendo.
1780 3418 1851 3474 H.

905 3518 962 3568 9.
1005 3499 1291 3553 Cumanum.
1343 3500 1699 3553 Brassicarum
1733 3499 1852 3553 haic

819 3594 1015 3649 genera
1029 3616 1044 3643 ,
1061 3579 1268 3650 aliaque
1287 3590 1675 3633 commemorat
1692 3578 1853 3633 Colu-

821 3658 1004 3720 mella,
1035 3657 1128 3711 lib.
1158 3657 1236 3723 Χ,
1261 3658 1362 3729 qui
1392 3656 1462 3711 de
1488 3659 1635 3711 cultu
1660 3659 1850 3712 horto·

820 3756 942 3791 rum
981 3738 1126 3807 agita
1171 3762 1193 3783 ι
1226 3736 1362 3802 Quas
1394 3739 1611 3807 pariunt
1646 3750 1851 3793 vetere·

821 3834 1042 3890 eesposo
1067 3816 1248 3869 littore
1275 3818 1461 3870 Cuma:
1479 3853 1495 3880 ,
1523 3818 1661 3882 Qua.-
1680 3815 1853 3871 dulcia

819 3897 1070 3970 Pompeia
1089 3896 1240 3967 palus
1258 3896 1429 3950 vicina
1447 3896 1626 3950 salinis
1646 3898 1851 3951 Hercu·

818 3976 940 4032 leis.
965 3977 1242 4047 vitreoque
1267 3976 1392 4028 siler
1413 3976 1507 4046 qui
1533 3975 1722 4031 defluit
1740 3996 1850 4031 am·

815 4056 874 4109 ni
886 4074 903 4112 ε
913 4058 1050 4121 Quae
1062 4054 1185 4109 duri
1201 4056 1440 4125 prebent
1457 4074 1671 4127 cymosa
1684 4057 1852 4130 stirpe

816 4134 1047 4201 Sabelli,
1077 4138 1146 4189 Et
1176 4136 1346 4187 Turni
1375 4136 1539 4202 lacus,
1557 4150 1612 4189 et
1642 4139 1851 4208 pomoni

1938 2962 2047 2997 non
2104 2944 2355 3016 pauciora
2404 2960 2623 3015 quoque
2682 2943 2916 2995 observat
2934 2979 2949 3002 ,

1938 3024 2108 3077 forma
2140 3024 2226 3077 vel
2257 3022 2443 3076 colore
2462 3021 2683 3094 dispari.
2712 3022 2779 3073 In
2806 3022 2947 3074 horto

1938 3102 2105 3173 Regio
2136 3103 2364 3173 amplius
2390 3102 2573 3155 vicena
2600 3114 2783 3155 notata
2815 3120 2843 3154 a
2863 3118 2945 3152 no·

1936 3183 2036 3236 bia.
2064 3182 2356 3235 Cumanam
2387 3182 2704 3245 brassicam,
2736 3181 2845 3233 aive
2871 3198 2947 3233 ru·

1937 3263 2114 3323 liram,
2154 3280 2182 3314 a
2218 3259 2492 3315 Dodonae
2534 3259 2880 3320 delineatam,
2900 3278 2943 3331 p.

1940 3345 2081 3407 διο,
2100 3340 2242 3395 Galli
2280 3352 2471 3395 vocant
2500 3342 2627 3393 chon
2656 3358 2825 3411 muge.
2854 3340 2915 3393 Η.

2025 3438 2109 3474 ιο.
2141 3420 2414 3474 Aricinum.
2442 3420 2527 3475 Ab
2556 3420 2777 3474 Aricino
2808 3437 2948 3491 agro,

1939 3498 2009 3554 de
2030 3518 2139 3573 quo
2160 3500 2255 3554 lib.
2284 3500 2394 3565 m,
2426 3518 2543 3573 cap.
2564 3518 2621 3569 9.
2642 3498 2825 3553 Han.

2025 3598 2049 3633 t
2066 3598 2114 3633 1.
2160 3578 2402 3633 Frictione.
2436 3578 2743 3633 Cauliculoa
2785 3576 2945 3633 edules

1937 3659 2165 3732 profert.
2188 3658 2253 3713 ld
2272 3678 2441 3731 genua
2454 3676 2567 3713 ease
2583 3660 2776 3713 volunt
2789 3698 2805 3723 ,
2820 3652 2945 3732 quod

1938 3740 1997 3793 in
2035 3738 2359 3811 Geoponicia
2395 3739 2781 3794 Constantinus
2818 3748 2947 3792 vocat

1942 3816 2290 3890 ἀσπαραγᾴδη
2316 3818 2563 3891 κράμὸπν.
2590 3820 2668 3873 ΒΑ
2678 3838 2731 3872 1..

2026 3916 2118 3953 ra.
2164 3900 2527 3971 Pompeianum.
2581 3900 2627 3951 A
2658 3894 2943 3969 Pompeiis,

1940 3979 2245 4049 Campania
2258 3978 2491 4051 oppido,
2504 3978 2574 4033 de
2598 3996 2712 4051 quo
2734 3978 2825 4031 lib.
2846 3974 2918 4029 m
2932 4012 2947 4035 ‚

1938 4078 2055 4131 cap.
2082 4080 2116 4127 9
2131 4097 2145 4123 ,
2171 4059 2249 4112 uti
2270 4077 2333 4111 ex
2356 4058 2653 4113 Columella
2675 4074 2803 4111 mox
2828 4053 2944 4109 vidi·

1940 4158 2073 4193 mus.
2098 4136 2327 4193 Videtur
2348 4138 2467 4193 hec
2504 4138 2811 4203 Dodouoeo,
2840 4150 2929 4208 pag
