3150 5150
756 1717 790 1768 9

765 2567 790 2603 Χ

837 599 972 692 198

1356 557 1436 665 c.
1493 596 1833 666 ΡΙᾸΝΠ
1888 597 2110 664 NAT.
2168 597 2425 664 ms‘r.

788 727 1229 824 paucissimis
1271 728 1470 797 cicer.
1513 730 1593 798 Id
1620 715 1827 797 enim⁵
1828 713 1923 796 ⁶a
1954 741 2247 822 semente
2278 726 2513 795 diebus
2555 746 2647 796 11.
2684 728 2941 821 perfici-

824 849 952 903 tur.
985 818 1314 903 Milium⁵⁷
1339 848 1405 904 et
1425 837 1785 930 panicum,
1817 849 1885 904 et
1910 855 2200 919 sesama,
2243 847 2311 902 et
2335 834 2559 901 omnia
2585 835 2943 920 aestiva,x1.

824 941 1056 1010 diebus
1081 953 1500 1009 maturantur
1525 961 1563 1008 a
1592 942 1792 1026 flore,
1836 963 2077 1035 magna
2114 953 2306 1008 terroe
2342 935 2617 1032 caellque
2646 937 2943 1008 differen-

825 1047 940 1115 tia.
983 1051 1061 1114 In
1098 1049 1383 1142 AEgypto
1426 1049 1604 1115 enim
1646 1047 1974 1117 hordeum
2015 1061 2201 1114 sexto
2246 1069 2283 1113 a
2328 1059 2477 1114 satu
2518 1069 2782 1130 mense,
2822 1047 2943 1114 fru-

824 1166 1049 1222 menta
1085 1155 1370 1248 septimo
1398 1169 1761 1223 metuntur.
1794 1155 1876 1222 In
1917 1137 2299 1238 Hellade⁵⁸,
2342 1150 2693 1220 hordeum.
2734 1145 2818 1220 In
2846 1155 2947 1220 Pe-

825 1258 1188 1355 loponneso
1217 1274 1486 1344 octavo,
1521 1274 1590 1329 et
1616 1233 1950 1330 frumenta
1974 1260 2334 1328 etiamnum
2364 1257 2638 1327 tardius.
2668 1246 2945 1328 Grana⁵’

824 1367 892 1434 in
923 1360 1164 1459 stipula
1187 1367 1423 1436 crinito
1445 1381 1631 1436 textu
1668 1367 2027 1462 spicantur.
2059 1367 2141 1433 In
2172 1364 2321 1433 faba
2356 1361 2947 1459 leguminibusque,

825 1471 1091 1542 alternis
1109 1471 1422 1542 lateribus
1451 1472 1867 1568 siliquantur.
1890 1456 2253 1542 Fortiora⁶⁰
2278 1469 2361 1539 ad
2386 1469 2639 1540 hiemes
2664 1471 2948 1540 frumen·

825 1593 925 1667 ta,
969 1577 1303 1673 legumina
1331 1580 1400 1648 in
1431 1579 1602 1648 cibo.

930 1686 1201 1814 Τιιιιὶοξει
1240 1684 1575 1754 frumento
1636 1685 1882 1780 plures.
1936 1684 2283 1754 Hordeum
2336 1685 2627 1752 maxime
2668 1682 2950 1766 nudum,

828 1804 895 1859 et
917 1775 1201 1859 arinca&
1208 1844 1227 1875 ‚
1266 1791 1381 1860 sed
1407 1793 1742 1887 praecipue
1767 1809 1995 1860 avena.
2026 1789 2339 1866 Calamus
2360 1787 2561 1858 altior
2586 1789 2951 1876 frumento,

829 1919 1028 1991 quam
1067 1896 1342 1966 hordeo.
1376 1899 1597 1967 Arista
1626 1898 2005 1969 mordacior
2032 1895 2307 1966 hordeo.
2350 1899 2429 1964 In
2464 1915 2623 1964 area
2658 1911 2953 1964 extemn-

825 2018 939 2072 tur
961 2003 1288 2090 triticum,
1312 2013 1379 2072 et
1397 2001 1623 2099 siligo,
1658 2019 1729 2074 et
1752 2004 2099 2074 hordeum.
2134 2005 2245 2072 Sic
2264 2017 2333 2072 et
2354 1988 2735 2072 seruntur&
2766 2023 2953 2098 pura,

828 2107 1110 2203 qualiter
1146 2107 1517 2199 moluntur,
1557 2113 1711 2205 quia
1747 2125 1923 2181 tosta
1978 2135 2115 2179 non
2172 2123 2344 2181 sunt.
2397 2111 2455 2176 E
2504 2109 2782 2178 diverso
2832 2109 2952 2195 far,

829 2213 1112 2346 miliu3m‚
1146 2218 1455 2309 panicum
1479 2219 1785 2312 purgari,
1824 2218 1950 2286 nisi
1985 2229 2193 2298 tosta,
2232 2237 2367 2283 non
2397 2219 2703 2310 possunt.
2738 2219 2953 2309 Itaque

824 2305 1024 2390 ha=³c⁶3
1053 2347 1207 2390 cum
1251 2320 1382 2393 suis
1425 2323 1732 2393 folliculis
1764 2338 2078 2394 seruntur
2101 2320 2324 2390 cruda.
2341 2320 2431 2390 Et
2464 2320 2673 2390 satin
2701 2323 2957 2418 vaginu-

796 2425 906 2496 lis
941 2428 1074 2496 suis
1117 2445 1386 2500 servant
1414 2429 1498 2498 ad
1543 2445 1759 2516 satus,
1794 2444 1997 2525 atque
2030 2453 2169 2497 non
2200 2441 2476 2498 torrent.

933 2535 1054 2602 XI.
1099 2535 1536 2606 Levissimum
1613 2561 1695 2605 ex
1764 2537 1867 2607 his
1915 2535 2278 2622 hordeum,
2324 2531 2519 2603 raro¹
2569 2533 2839 2604 excedit
2872 2557 2955 2603 xv

827 2638 1056 2723 libras,
1097 2654 1166 2711 et
1199 2641 1352 2711 faba
1381 2666 1553 2711 xxn.
1584 2642 2024 2714 Ponderosius
2062 2641 2186 2729 far,
2221 2642 2567 2737 magisque
2594 2644 2955 2711 etiamnum

829 2794 1025 2848 florent
1037 2834 1053 2859 ,
1072 2795 1337 2868 simulque
1353 2797 1728 2869 grandescunt.
1740 2826 1762 2848 ι
1780 2801 1849 2855 Η.

829 2877 992 2927 —De
1013 2876 1290 2929 frumentis
1309 2876 1418 2930 vid.
1439 2898 1494 2932 n.
1522 2884 1618 2944 1⁰0,
1641 2898 1696 2951 p.
1723 2898 1847 2933 ποι.

917 2956 1006 3009 56.
1039 2956 1107 3008 Id
1127 2960 1264 3009 enim.
1285 2955 1562 3028 Theophr.
1593 2956 1633 3011 1.
1661 2976 1709 3012 c.
1740 2958 1809 3012 Η.

913 3032 1003 3103 57.
1031 3034 1244 3088 Milium.
1269 3036 1544 3109 Theopbr.
1571 3038 1610 3091 l.
1642 3057 1692 3090 c.
1714 3038 1786 3094 11.

912 3114 1003 3167 58.
1036 3116 1098 3168 In
1122 3114 1332 3167 Hellade
1353 3116 1384 3166 Ιι
1384 3117 1595 3169 ordeum.
1618 3116 1732 3170 Hoc
1756 3130 1851 3183 est,

829 3194 1056 3263 septimo
1097 3212 1276 3249 mense
1313 3198 1548 3250 metitur.
1576 3196 1850 3269 Theophr.

830 3273 978 3345 Πυροὶ
1002 3268 1060 3327 δὲ
1087 3277 1133 3327 ἐν
1158 3280 1221 3345 τῇ
1249 3268 1478 3351 ίΕὸόμῳ·
1503 3276 1615 3349 περὶ
1642 3278 1731 3333 τὴν
1757 3266 1852 3333 E).-

826 3346 992 3417 λάθα,
1022 3354 1196 3423 κριθαί.
1227 3354 1412 3409 Ham).

912 3433 1000 3499 59.
1030 3432 1452 3489 Gmna.G1-ana
1436 3454 1492 3487 m
1519 3432 1729 3505 stipulis
1748 3434 1855 3507 spi·

829 3527 890 3562 ca
915 3511 1279 3578 continentur,
1312 3534 1420 3587 qua.-
1458 3512 1698 3568 subtiliter
1736 3518 1855 3568 eezi-

831 3600 938 3655 tur,
963 3588 1263 3661 desinitque
1289 3593 1344 3645 in
1375 3595 1595 3647 crinem.
1624 3596 1688 3647 In
1714 3596 1855 3660 faba,

830 3670 884 3720 et
901 3668 1275 3740 leguminibus,
1293 3674 1456 3727 modo
1473 3670 1660 3727 dextro
1674 3672 1855 3739 latere,

829 3746 998 3803 modo
1028 3748 1160 3812 laevo
1179 3790 1194 3812 ,
1223 3752 1416 3825 siliqua
1446 3753 1647 3805 semina
1684 3754 1855 3807 conti·

829 3842 1044 3881 nentur.
1077 3826 1258 3883 Ham.

911 3914 998 3962 60.
1021 3906 1272 3987 [fortiora.
1301 3898 1697 3980 Theophrastus
1710 3952 1727 3977 ‚
1746 3912 1855 3967 loe.

829 3988 918 4041 cit.
954 3987 1229 4042 Validiora
1253 4028 1270 4054 ‚
1305 3985 1484 4061 inquit
1508 4028 1525 4053 ‚
1567 3992 1853 4064 ἰσχυρότερα.

829 4080 1013 4121 contra
1055 4068 1318 4134 hiemem,
1348 4070 1568 4143 caelique
1605 4070 1855 4125 mutatio-

830 4166 923 4200 nes
953 4147 1152 4212 variae,
1197 4151 1552 4204 frumentacea
1594 4162 1749 4217 sunt,
1786 4153 1853 4205 τὰ

832 4228 1023 4296 «nupsi.
1055 4228 1344 4300 Legumina
1373 4250 1500 4289 vero
1531 4232 1585 4284 in
1616 4231 1745 4285 cibis
1764 4250 1853 4294 va-

1936 2799 2162 2852 lentiore
2190 2810 2478 2870 putantur,
2507 2800 2633 2869 πρὸς
2662 2794 2727 2851 δὲ
2754 2798 2845 2855 τὴν
2865 2817 2959 2865 τεο·

1920 2876 2028 2949 ,φὴν
2040 2916 2056 2942 ,
2077 2876 2146 2929 τὰ
2164 2873 2407 2947 χεδροπᾶ.
2436 2876 2583 2930 Vide
2608 2878 2831 2932 Celsum
2844 2917 2863 2944 ‚
2879 2880 2929 2929 11
2944 2919 2957 2939 ,

1947 2977 1969 3011 ι
1983 2961 2015 3011 8
2036 2974 2051 3009 :
2076 2979 2098 3000 ι
2118 2958 2199 3009 Ex
2220 2956 2585 3030 leguminibus
2606 2958 2879 3011 valentior
2888 2974 2959 3009 ra-

1938 3054 2007 3109 pa
2023 3076 2038 3101 ,
2058 3036 2289 3107 napique
2306 3075 2322 3100 ,
2338 3046 2391 3088 et
2411 3054 2597 3089 omnes
2621 3037 2783 3089 bulbi
2797 3077 2816 3103 ,
2838 3050 2955 3089 ete.-

1940 3116 2301 3169 Hum.—Ad
2322 3116 2511 3170 hiemes.
2542 3116 2697 3171 Brot.
2724 3136 2844 3170 non
2874 3116 2957 3177 ad,

1939 3192 2029 3247 secl
2053 3207 2220 3247 contra
2240 3194 2367 3267 legit
2386 3212 2450 3248 ex
2476 3195 2637 3249 MSS.
2662 3196 2778 3251 En.

2021 3278 2111 3329 61.
2140 3276 2217 3329 Ee
2243 3279 2430 3327 arinca.
2457 3276 2686 3329 Dicetur
2704 3273 2783 3329 de
2808 3294 2907 3342 en,
2924 3294 2966 3328 c.

1942 3372 2026 3407 20.
2054 3354 2238 3410 Huni.

2019 3436 2115 3487 62.
2141 3432 2378 3486 Ser-unem-
2394 3452 2543 3505 pura.
2582 3432 2711 3488 Sine
2740 3436 2859 3488 suis
2880 3434 2971 3487 tol·

1938 3497 2130 3567 liculis.
2157 3508 2339 3567 Han.

2024 3592 2117 3646 63.
2165 3594 2335 3664 Itaque
2375 3594 2493 3647 hoee.
2558 3588 2829 3665 Inprimis
2868 3596 2971 3656 far.

1942 3672 2053 3725 sive
2078 3668 2371 3738 adoreum,
2407 3671 2555 3743 quod
2599 3674 2659 3725 in
2690 3673 2857 3727 siccis
2878 3676 2975 3727 hu·

1942 3748 2205 3823 midisque
2235 3751 2367 3806 locis
2408 3752 2511 3805 seri
2532 3752 2847 3807 Columella
2874 3756 2975 3813 ait.

1942 3827 2040 3886 lib.
2060 3826 2142 3893 II,
2174 3849 2292 3903 cap.
2321 3834 2395 3887 8:
2426 3832 2751 3905 «Quoniam
2774 3834 2981 3887 follica-

1944 3910 2084 3973 lum,
2132 3930 2242 3984 quo
2291 3910 2627 3976 continetur,
2672 3912 2909 3967 firmum
2934 3926 2981 3965 et

1942 3985 2236 4045 durabilem
2268 3986 2517 4046 adversus
2551 3992 2827 4064 longioris
2852 4006 2981 4047 ten·

1941 4072 2089 4141 poris
2114 4068 2395 4126 humorem
2422 4070 2648 4126 habet.»
2682 4070 2885 4127 Han.

2021 4153 2119 4205 XI.
2162 4168 2211 4204 1.
2243 4150 2376 4203 Raro
2400 4150 2602 4204 excedit.
2638 4152 2703 4206 In
2732 4148 2983 4225 singulos

1942 4231 2196 4285 nimirum
2230 4229 2452 4283 modios.
2481 4225 2661 4293 liano.
