3150 5150
987 593 1294 662 LIBER
1346 593 1603 664 xv11.
2254 585 2351 684 59

215 747 411 792 sese:
449 718 768 815 repleturi
793 723 1053 809 omnia,
1084 724 1151 791 ni
1191 724 1449 794 resistat
1481 722 1741 793 cultura
1764 745 2078 823 :prorsus
2108 735 2184 790 ut
2209 745 2355 816 pos—

219 829 362 896 sint
389 827 600 898 videri
627 827 930 898 homines
955 842 1146 898 terrae
1169 828 1403 903 causa'
1439 830 1688 924 geniti.
1714 831 1807 898 ita
1841 829 2123 924 pessima
2154 843 2355 921 atque

218 932 632 1012 exsecranda
663 959 765 1004 res
791 936 1222 1029 propaginem
1241 943 1464 1008 tamen
1481 934 1743 1023 docuit,
1770 957 1851 1004 ac
1864 934 2351 1004 'viviradicem

221 1038 486 1110 Eadem
527 1054 752 1110 atatem
791 1055 1028 1110 natura
1055 1056 1161 1112 est
1201 1042 1434 1112 ederis.
1469 1026 1674 1112 Cato³
1722 1042 2073 1136 propagari
2116 1054 2358 1136 praeter

221 1146 438 1214 vitem
489 1145 692 1216 tradit
729 1145 970 1236 ficum,
1020 1149 1232 1218 oleam
1253 1201 1274 1236 ,
1333 1149 1681 1244 punicam,
1728 1146 2057 1216 malorum
2114 1169 2357 1242 genera

227 1254 460 1320 omnia
479 1305 500 1340 ‚
555 1249 814 1322 laurum
833 1303 854 1336 ‚
906 1278 1196 1348 prunos,
1251 1269 1536 1350 myrtos,
1608 1276 1811 1323 nuces
1866 1251 2197 1324 avellanas
2218 1305 2239 1340 ,
2290 1265 2359 1320 ct

229 1359 666 1453 praenestinas
685 1411 708 1446 ,
756 1356 1117 1455 platanum.
1162 1362 1615 1458 Propaginum
1658 1358 1795 1430 duo
1834 1383 2075 1454 genera
2108 1385 2124 1427 ε
2172 1381 2358 1426 ramo

229 1464 322 1532 ab
363 1465 606 1538 arbore
642 1463 954 1560 depresso
998 1467 1068 1535 in
1107 1467 1408 1538 scrobem
1441 1480 1729 1560 quatuor
1764 1464 2011 1560 pedum
2050 1489 2321 1560 quoquo
2340 1515 2360 1550 ‚

232 1584 302 1639 et
331 1585 490 1664 post
515 1571 856 1642 biennium
891 1585 1247 1709 amputato
1261 1573 1466 1657 flexu,
1489 1570 1848 1691 plantaque
1873 1569 2187 1641 translata
2210 1584 2366 1689 post

233 1678 630 1752 trimatum·
670 1701 834 1772 quas
861 1679 918 1747 si
953 1665 1247 1773 longius⁴
1283 1677 1458 1748 ferre
1487 1676 1785 1797 libeat,
1766 1701 1835 1746 ιιι
1868 1675 2081 1771 qualis
2109 1677 2327 1746 statim
2346 1724 2365 1760 ‚

235 1797 356 1855 aut
389 1782 569 1852 vasis
599 1782 908 1854 fictilibus
933 1782 1246 1854 defodere
1275 1784 1673 1915 propagines
1704 1783 2154 1878 aptissimum,
2182 1795 2260 1851 ut
2298 1783 2369 1850 in

237 1890 318 1960 iis
353 1887 860 1964 transferantur.
905 1888 1208 1963 Alterum
1237 1875 1490 2012 ‘genus⁵
1533 1888 1931 1960 luxuriosius
1948 1937 1969 1973 ‚
2010 1887 2320 1959 radices
2298 1911 2369 1955 ιιι

245 1999 388 2092 ipsa
409 1995 654 2066 arbore
681 1995 1116 2084 sollicitando,
1132 1996 1420 2128 trajectis
1443 2021 1566 2092 per
1587 2019 1743 2065 vasa
1758 1994 1983 2065 fictilia
2012 1993 2116 2062 vel
2142 1991 2373 2087 qualos

243 2104 478 2186 ramis,
535 2116 846 2198 terraque
897 2088 1371 2178 circumfartis⁶
1413 2118 1429 2160 :
1481 2117 1681 2197 atque
1740 2102 1869 2172 boc
1922 2099 2373 2170 blandimento

245 2209 616 2304 impetratis
665 2207 1030 2296 radicibus,
1071 2211 1246 2280 inter
1287 2209 1524 2304 poma⁷
1565 2211 1711 2303 ipsa
1754 2221 1823 2276 et
1872 2208 2220 2278 cacumina
2259 2195 2375 2298 (in
2412 2242 2423 2264 .

245 2339 502 2384 summa
537 2316 784 2390 etenim
827 2317 1166 2392 cacumina
1207 2317 1338 2386 hoc
1375 2313 1576 2386 modo
1608 2305 1968 2409 petuntur)
2008 2311 2295 2382 audaci
2276 2335 2374 2380 m·

329 2543 477 2598 XXI.
513 2559 565 2596 1.
595 2544 761 2597 Teme
779 2563 943 2601 musa.
967 2541 1046 2600 Ut
1069 2556 1266 2604 terram
1351 2543 1637 2617 propagari
1683 2553 1897 2615 oportet
1918 2581 1937 2609 ‚
1974 2552 2029 2595 et
2056 2559 2179 2595 cum
2220 2540 2287 2595 iis
2322 2542 2379 2595 iu

253 2624 512 2691 colerent,
560 2642 626 2679 ac
671 2638 1087 2696 pei-purgarent,
1119 2623 1266 2696 quod
1353 2626 1600 2679 scrobem
1624 2622 1825 2677 deferri
1856 2634 2095 2694 oportet.
2126 2646 2149 2671 ιι
2174 2618 2243 2674 11.

255 2722 366 2757 cnm
387 2703 658 2757 ruborum
672 2704 798 2757 alins
819 2704 948 2759 silva
967 2717 1271 2776 occuparet,
1439 2702 1492 2758 5.
1525 2704 1757 2757 Alterum
1775 2720 1944 2773 genus.
1976 2702 2047 2757 Et
2078 2700 2217 2755 illud
2244 2700 2380 2755 cato

259 2794 310 2835 et
329 2784 600 2837 obrueret.
624 2783 806 2837 Hiran.
1355 2784 1558 2856 pariter
1580 2782 1774 2848 habet,
1790 2800 1907 2853 cap.
1928 2780 2243 2837 cxxxut'his
2263 2795 2380 2833 ver-

339 2882 387 2915 a.
416 2863 500 2915 Ac
531 2863 858 2916 vivit-adcitum.
886 2863 1128 2927 Plantas,
1154 2880 1274 2935 qun
1359 2864 1443 2917 bis
1467 2882 1482 2917 ε
1515 2890 1538 2912 ι
1559 2865 1627 2917 In
1644 2863 1929 2917 arboribus
1946 2860 2151 2915 radices
2188 2858 2269 2915 uti
2303 2879 2381 2915 cn·

263 2960 378 2995 cum
395 2940 514 2994 viva
531 2939 715 2997 radice
733 2942 835 2995 seri
855 2943 1078 3013 possint.
1093 2942 1274 2997 Ηιιιιι.
1362 2944 1542 3015 piant,
1588 2942 1807 3007 calicem
1858 2954 2135 3011 pertusum
2184 2939 2383 2994 sumito

341 3020 392 3075 3.
421 3022 574 3075 Cato.
603 3022 740 3094 Cap.
773 3040 830 3075 ιι
868 3041 882 3075 z
912 3046 936 3070 α
963 3022 1278 3094 propagatio
1365 3022 1494 3087 tihi,
1531 3035 1625 3076 aut
1667 3020 1952 3095 quasillum
1980 3038 1995 3074 ε
2026 3038 2125 3092 per
2154 3038 2277 3073 eum
2304 3037 2387 3073 ra·

265 3118 578 3171 pomorum,
623 3102 953 3173 aliarumque
998 3103 1276 3155 arborum.
1365 3103 1574 3155 mulum
1597 3101 1909 3156 transerito:
1948 3118 2071 3152 eum
2100 3097 2385 3171 quasillum

266 3181 348 3233 Ab
370 3181 560 3234 arbore
589 3181 684 3235 abs
713 3194 849 3235 terra
877 3181 1010 3254 pulli
1052 3180 1144 3252 qui
1187 3199 1280 3233 na·
1369 3193 1508 3235 terra
1535 3180 1792 3255 impleto,
1826 3180 2133 3249 calcatoque
2157 3195 2174 3229 ι
2216 3176 2273 3229 in
2302 3196 2389 3229 ar·

265 3272 500 3325 scantur,
523 3278 617 3313 eos
639 3258 696 3313 in
739 3272 935 3313 terram
959 3260 1244 3332 deprimite
1263 3298 1276 3319 .
1367 3262 1557 3315 boi-em
1586 3259 1908 3329 relinquito:
1925 3256 2249 3311 ubi'bimum
2264 3256 2385 3321 erit,

267 3339 612 3411 extollitoque
637 3340 926 3411 primorem
955 3354 1178 3413 partem,
1197 3338 1276 3393 uti
1369 3358 1581 3396 ramum
1616 3351 1857 3392 tenerum
1898 3338 2038 3391 infru
2072 3334 2351 3409 precidito
2372 3353 2391 3388 ε

271 3416 496 3472 radicem
522 3419 734 3490 cupiat:
763 3418 890 3471 inde
910 3420 1127 3474 biennio
1157 3430 1280 3491 post
1364 3436 1488 3473 cnm
1558 3417 1785 3489 quasillo
1835 3417 2013 3471 serito.
2088 3418 2173 3469 Eo
2222 3415 2391 3469 modo

271 3496 482 3551 afrodito
497 3536 516 3562 ‚
541 3500 826 3569 seritoque.
849 3498 1032 3553 Ficum
1051 3538 1068 3563 ‚
1087 3500 1280 3563 oleam,
1365 3498 1591 3571 quodvis
1610 3516 1775 3570 genus
1798 3498 2051 3552 arborum
2080 3496 2251 3549 facere
2274 3508 2389 3567 pot·

275 3578 462 3631 malum
491 3578 782 3649 punicum,
815 3592 1127 3645 cotoneum,
1153 3579 1282 3633 alia·
1366 3579 1470 3633 eris
1491 3578 1572 3635 uti
1598 3577 1803 3635 radices
1828 3578 1969 3631 bene
1987 3577 2237 3630 habeant.
2266 3600 2289 3622 ·
2322 3576 2390 3627 H.

275 3674 376 3727 que
391 3658 524 3711 mala
535 3658 717 3711 omnia
735 3698 750 3722 ,
763 3657 970 3711 laurum
987 3698 1004 3721 ,
1027 3671 1280 3730 myrtum,
1449 3663 1506 3713 6.
1537 3659 1891 3726 Cimmfam‘s.
1903 3656 1989 3711 Sic
2008 3655 2164 3709 MSS.
2186 3672 2393 3717 omues,
2450 3690 2455 3697 ·

275 3752 427 3789 nuces
443 3738 820 3803 Praenestinas,
839 3738 1148 3809 platanum;
1168 3738 1282 3791 haec
1367 3756 1509 3803 non,
1540 3753 1603 3793 ut
1626 3737 1789 3802 editi,
1836 3738 2168 3807 circmpactis
2190 3776 2207 3801 ,
2249 3734 2397 3789 nulla

279 3817 448 3869 omnia
486 3835 518 3869 a
555 3817 734 3887 capite
757 3818 1070 3888 propagari,
1096 3818 1283 3871 eximi·
1373 3818 1529 3887 plane
1555 3816 1831 3873 sententia.
1860 3817 2045 3870 Han.

281 3912 410 3965 que,
452 3897 660 3966 serique
694 3894 886 3950 eodem
926 3896 1088 3951 modo
1122 3891 1284 3967 opor-
1452 3917 1504 3967 7.
1543 3899 1681 3951 Inter
1708 3916 1874 3967 pom.
1904 3898 2053 3950 Inter
2074 3894 2183 3966 ipsa
2205 3910 2363 3964 poma
2383 3932 2399 3957 ,

283 3984 371 4027 tet.
404 4000 425 4021 ι
461 3973 639 4029 Brun.
1373 3988 1530 4047 atque
1569 3978 1625 4029 in
1668 3978 1788 4049 ipso
1830 3976 2041 4029 arboris
2084 3972 2393 4027 cacumine:

365 4060 413 4115 ά.
441 4056 576 4123 Quas
603 4060 648 4108 .ςὶ
677 4057 887 4126 longius.
915 4056 1048 4111 Cato
1065 4096 1080 4120 ,
1105 4074 1150 4109 c.
1175 4074 1283 4108 ul:
1375 4074 1494 4107 nam
1524 4058 1609 4109 vel
1638 4076 1703 4109 cx
1742 4058 1860 4126 ipso
1886 4072 2095 4109 summo
2120 4050 2399 4105 cacumine

293 4160 314 4177 ·
343 4132 468 4197 Quae
492 4134 799 4207 diligentius
817 4136 1096 4206 propagari
1127 4136 1288 4195 voles.
1375 4136 1505 4188 rami
1561 4135 1631 4189 ad
1682 4136 2025 4207 propaginem
2082 4131 2397 4203 seliguntur.

289 4212 345 4263 in
387 4214 519 4267 aulas
559 4228 650 4269 aut
697 4216 758 4269 in
815 4216 996 4287 qualos
1049 4228 1288 4285 pertusos
1379 4214 1558 4269 Ηιιυ.
