3150 5150
906 544 1221 614 LIBER
1270 515 1487 614 xlii.
1907 533 1916 541 '
2131 541 2272 641 389

140 677 353 769 Mergi
388 678 597 762 enim,
632 675 871 762 credo,
910 679 983 746 in
1018 678 1355 772 profunda
1390 679 1593 747 satius
1636 692 1774 758 est,
1806 691 1874 745 et
1900 691 2270 748 ostrearum

138 807 377 876 genera
414 781 762 876 naufragio
770 785 1095 926 9ειιᾳιιίιῆ,
1138 809 1293 854 aves
1346 783 1539 853 ultra
1561 769 1978 852 Phasidem¹⁸
2010 809 2272 853 amnem

138 891 305 982 peti3
337 901 405 958 et
425 886 797 958 fabuloso¹⁹
832 889 1097 983 quidem
1135 904 1387 960 terrore
1415 903 1625 972 tutas,
1653 890 1859 957 immo
1894 890 1990 958 sic
2025 891 2273 984 pretio-

138 993 561 1081 siores,·alias
582 995 651 1062 in
668 993 1081 1080 Numidiam,
1105 1010 1305 1092 atque
1332 995 1685 1089 AEthiopiae
1707 997 1756 1022 ²⁰
1779 993 2080 1089 sepulcra
2116 1018 2133 1064 z
2163 1011 2278 1064 aut
2337 1029 2340 1034 ·

142 1124 442 1195 pugnare
484 1125 637 1170 cum
675 1099 831 1170 feris
849 1153 869 1189 ,
912 1102 1271 1197 mandique
1312 1101 1749 1198 capientem²¹
1783 1101 1964 1195 quod
2007 1102 2278 1171 mandat

139 1206 325 1275 alius.
366 1210 454 1275 At
485 1204 756 1276 hercule
790 1230 991 1300 quam
1022 1208 1177 1278 vilia
1200 1209 1343 1278 haec
1366 1261 1386 1292 ,
1430 1211 1648 1301 quam
1677 1221 1908 1300 parata
1951 1205 2278 1301 voluptati

138 1313 593 1406 satietatique3
634 1313 757 1382 nisi
802 1312 1031 1382 eadem
1088 1339 1232 1408 quae
1282 1313 1529 1407 ubique
1552 1364 1571 1391 ,
1598 1311 1991 1407 'indignatio
2033 1337 2278 1383 occur-

140 1414 353 1486 reret!
430 1418 793 1488 Ferendum
832 1443 987 1489 sane
1036 1419 1235 1490 fuerit
1285 1419 1611 1514 exquisita
1649 1421 1830 1488 nasci
1870 1443 2106 1513 poma,
2151 1419 2274 1488 alia
2315 1473 2328 1487 .

139 1549 422 1618 sapore,
457 1523 583 1592 alia
617 1524 1101 1618 magnitudine,
1136 1525 1263 1595 alia
1306 1539 1608 1594 monstro
1625 1524 1699 1612 ²²,
1715 1513 2128 1657 ³pauperibus
2169 1528 2274 1594 in-

141 1630 451 1700 terdicta.
486 1631 837 1700 inveterari
854 1633 1029 1718 vina,
1048 1634 1429 1771 saccisquen
1410 1619 1738 1700 castrari²³
1755 1656 1776 1718 ;
1806 1655 1930 1699 nec
1966 1633 2278 1724 cuiquam

137 1737 307 1804 adeo
344 1726 609 1830 longam
646 1759 787 1805 esse
821 1738 1065 1868 ²vitam,
1116 1752 1192 1806 ut
1228 1738 1401 1806 non²
1404 1729 1620 1804 “ante
1673 1762 1742 1806 se
1792 1738 2013 1831 genita
2047 1751 2277 1831 potet·

140 1870 175 1910 e
214 1841 525 1935 frugibus
552 1842 841 1936 quoque²
846 1830 1237 1937 ⁵quoddam
1281 1842 1668 1912 alimentum
1713 1841 1838 1910 sibi
1873 1844 2281 1975 excogitasse

142 1949 509 2036 luxuriam,
547 1972 627 2017 ac
657 1946 1013 2018 medullam
1050 1963 1309 2020 tantum
1342 1972 1618 2034 earum3
1666 1950 2016 2042 superque²
2021 1937 2284 2042 ⁶pistri-

138 2125 241 2177 fnit
270 2143 285 2176 :
320 2143 437 2176 non
473 2121 687 2177 aliunde
712 2124 926 2178 fercula.
962 2124 1167 2180 Eodem
1259 2153 1280 2174 ι
1312 2125 1398 2177 Oh
1434 2124 1537 2178 hoc
1575 2123 1757 2186 insita,
1783 2134 1837 2175 et
1878 2124 2130 2176 arborum
2156 2129 2284 2194 quo-

136 2223 297 2257 sensu
346 2203 559 2256 Tullius
598 2204 655 2256 in
692 2203 919 2269 Catone,
958 2223 1011 2258 n.
1060 2207 1164 2259 56:
1254 2222 1356 2278 que
1395 2201 1657 2257 adulteria
1703 2202 1993 2273 excogitata
2033 2215 2189 2268 sunt,
2224 2216 2285 2257 ut

140 2311 163 2330 ‹-
184 2285 315 2336 Jam
352 2282 701 2353 bortumjpsi
732 2284 972 2352 agricolo
1001 2285 1167 2338 succi·
1252 2301 1520 2355 neopoma
1534 2281 2230 2354 pauperibusnascerentur.
2252 2308 2276 2331 ι

134 2363 281 2416 diam
310 2362 533 2414 alteram
553 2362 841 2434 appellant.
858 2390 885 2410 a·
903 2363 1087 2416 Ηιιιι).
1254 2364 1439 2417 lium.

224 2462 246 2496 ι
260 2445 321 2497 8.
384 2442 529 2494 Ultra
572 2441 845 2496 Phase'dem.
889 2441 1175 2496 Phasianas
1339 2442 1433 2496 23.
1458 2440 1714 2512 Βασσάραι
1735 2443 1956 2492 castrari.
1983 2440 2124 2493 Vina
2152 2441 2282 2494 olim

137 2522 423 2593 intelligit,
451 2541 482 2574 e
514 2520 728 2575 Colchis
752 2522 880 2574 olim
908 2522 1019 2593 peti
1046 2521 1171 2577 soli·
1258 2533 1376 2577 tum
1397 2539 1547 2574 sacco
1566 2521 1958 2593 percolaturum
1978 2557 1995 2586 ‚
2019 2533 2134 2572 tum
2161 2522 2284 2573 nive

140 2617 243 2667 tas,
264 2614 333 2655 ut
368 2602 607 2671 superius
632 2598 837 2655 dictum
866 2614 945 2655 cst
978 2603 1071 2655 lib.
1096 2603 1177 2669 X,
1260 2602 1666 2672 frangebantur,
1708 2612 1768 2653 ut
1805 2599 2016 2653 mitiora
2061 2601 2286 2653 leniora·

142 2703 265 2754 cap.
292 2686 399 2752 67.
427 2682 611 2735 Ηιιιυ.
1260 2699 1389 2753 que.
1442 2680 1679 2733 defecata
1729 2691 1784 2733 et
1831 2677 2037 2752 liquida
2079 2680 2284 2744 forent,

226 2780 320 2830 ¹9·
352 2762 431 2813 Ee
443 2761 690 2827 fabuloso.
732 2761 1051 2833 Quanquam
1089 2760 1178 2814 de·
1261 2774 1421 2832 atque
1434 2760 1559 2817 ideo
1582 2760 1703 2829 plus
1722 2760 2020 2823 bibet-etun
2039 2762 2282 2821 σακκίζιιν

140 2842 319 2893 territi
377 2840 447 2892 ab
494 2858 673 2893 earum
722 2841 899 2894 avium
950 2842 1177 2911 aucupio
1261 2853 1315 2894 et
1353 2842 1652 2908 σακχιλίζιιν
1693 2838 1864 2892 Graeci
1905 2850 2113 2891 vocant.
2148 2840 2286 2892 Du..

136 2922 395 2973 homines
424 2931 669 2990 poterant
703 2921 823 2991 jure
857 2918 1027 2975 videri
1042 2959 1059 2983 ‚
1090 2920 1175 2973 vel
1262 2952 1342 2963 —
1366 2918 1622 2991 Secti-sque
1655 2922 1874 2970 castrat-12
1911 2920 2073 2971 Sacco
2112 2918 2286 2987 frangi

138 3000 252 3051 solo
288 3013 529 3062 terrore,
562 3018 724 3070 quem
750 2998 821 3052 de
847 2998 1035 3053 iisdem
1072 3000 1178 3053 avi·
1263 2999 1375 3051 vini
1396 3000 1562 3059 vires,
1591 3011 1650 3050 ut
1675 2996 1887 3050 dictum
1909 3010 1986 3050 est
2015 3014 2170 3067 supra
2189 2996 2285 3049 lib.

136 3082 274 3143 bus,
306 3090 535 3149 totoque
565 3078 680 3131 caeli
712 3090 883 3133 tractu
912 3096 1073 3149 quem
1100 3080 1179 3132 in-
1262 3080 1419 3144 XIV,
1440 3096 1561 3147 cap.
1597 3077 1686 3130 28.

132 3160 419 3218 colerent,
439 3158 631 3211 fabussae
650 3158 965 3228 injecissent.
990 3158 1057 3211 H.
1346 3163 1437 3220 ²4·
1468 3156 1539 3209 Ut
1556 3174 1669 3207 non.
1693 3156 1768 3207 Ut
1793 3174 1903 3206 non
1930 3166 1984 3207 et
2003 3154 2288 3207 vetustiora

225 3258 319 3292 πο.
358 3238 525 3309 Atque
558 3238 851 3307 AEtlee'opioe.
894 3238 1180 3291 Mennoni·
1263 3236 1435 3288 multo
1465 3236 1590 3288 vina
1612 3245 1780 3304 potet.
1809 3230 1990 3285 Halm.

132 3318 237 3369 «las
264 3336 397 3371 aves
422 3318 599 3386 signat
615 3355 632 3383 ,
652 3315 721 3369 de
747 3316 946 3387 quibus
972 3316 1069 3370 lib.
1096 3316 1177 3380 X,
1347 3313 1437 3368 25.
1488 3316 1543 3366 E
1568 3312 1802 3382 frugibus
1835 3330 2034 3384 quoque.
2072 3312 2282 3365 Alicam

130 3418 257 3467 cap.
292 3395 395 3466 37.
428 3396 611 3461 Quum
637 3400 687 3447 in
710 3396 987 3448 Numidiam
1014 3394 1175 3459 dicit,
1262 3394 1540 3463 intelligit,
1578 3391 1648 3446 de
1672 3410 1776 3463 qua
1815 3391 2020 3460 prolixe
2046 3391 2280 3447 Plinius.

130 3474 533 3546 meleagridas,
557 3474 629 3528 de
660 3476 855 3546 quibus
892 3473 1081 3529 eodem
1111 3474 1177 3526 li-
1263 3474 1358 3526 lib.
1384 3490 1506 3543 sup.
1532 3490 1582 3525 c.
1607 3489 1726 3539 29·
1714 3511 1726 3522 .
1767 3468 1918 3523 «Sed
1948 3470 2087 3523 inter
2114 3471 2284 3542 prima

136 3558 247 3609 bro
262 3596 283 3618 ,
308 3574 431 3625 cap.
466 3557 560 3609 38.
594 3554 776 3608 man.
1264 3552 1471 3606 dicatur
1490 3563 1544 3604 et
1565 3552 1709 3605 alico
1733 3550 1868 3603 ratio
1883 3588 1900 3615 ,
1927 3550 2286 3620 prestantissi-

220 3654 251 3687 2
272 3654 327 3688 1.
396 3634 665 3706 blandique
716 3638 990 3705 capientem.
1036 3634 1179 3687 Dum
1268 3651 1369 3690 mo
1407 3631 1868 3700 saluber-rimasque
1911 3646 1926 3681 ε
1961 3646 2079 3699 qun
2119 3631 2292 3702 palma

124 3734 305 3785 apros
322 3726 569 3767 venatur.
596 3712 783 3768 Hanu.
1268 3711 1483 3783 frugum
1516 3708 1814 3763 indubitata
1847 3708 2055 3761 Italiam
2093 3708 2296 3763 contin·

218 3815 251 3847 2
268 3816 329 3847 2.
377 3794 503 3846 Alia
542 3805 769 3845 monstro.
802 3793 1053 3857 Quorum
1092 3808 1183 3844 na·
1268 3791 1360 3861 git.
1384 3818 1407 3838 ·
1442 3792 1510 3843 Et
1526 3808 1541 3843 τ
1558 3816 1584 3839 ι
1605 3790 1758 3843 Alica
1779 3788 1840 3842 fit
1861 3807 1891 3842 e
1914 3806 2064 3841 zea...
2085 3788 2294 3843 Nudata

124 3888 261 3927 tura
304 3892 337 3925 e
382 3885 698 3926 ceterorum
730 3890 1019 3943 pomorum
1061 3890 1183 3923 con·
1270 3868 1567 3923 conciditur
1583 3868 1842 3933 medulla,
1867 3880 1971 3921 etc.
2003 3892 2026 3915 ο
2053 3866 2236 3919 niun.

119 3952 355 4005 ditione
396 3950 605 4022 dispar,
639 3963 704 4004 ut
738 3965 860 4005 sunt
896 3947 1184 4021 spadonia,
1352 3953 1443 4003 26.
1471 3947 1716 4019 Superque
1738 3950 2070 4018 pistrinarum.
2111 3945 2298 3998 Pistri-

119 4036 273 4085 inem
306 4031 954 4102 melofolia,caeteraque,
977 4029 1047 4082 de
1063 4028 1182 4100 qui·
1270 4048 1459 4083 narum
1502 4047 1662 4101 opera
1713 4046 1774 4081 ac
1813 4027 2085 4080 caelaturas
2130 4024 2299 4077 inter·

119 4114 235 4163 bus
262 4111 369 4163 lib.
393 4112 519 4174 XV,
540 4129 659 4181 cap.
696 4112 763 4163 15
779 4149 794 4174 ,
824 4110 907 4162 vel
932 4110 1185 4180 intempe-
1222 4148 1233 4163 .
1276 4121 1473 4179 pretor,
1491 4109 1660 4161 varias
1679 4126 1857 4161 rerum
1875 4104 2301 4175 imagines,quas

119 4192 277 4245 :aive
340 4203 460 4244 orta
484 4190 717 4255 Plinius,
746 4189 905 4243 xvn
924 4228 939 4253 ,
966 4208 1080 4259 cap.
1118 4206 1137 4241 1
1170 4206 1183 4240 ε
1276 4187 1537 4258 panificiis
1566 4188 1708 4253 suis,
1742 4184 2092 4252 crustulisque
2109 4222 2125 4251 ,
2153 4182 2302 4255 quod

1903 4276 2027 4361 25³
