3150 5150
947 495 1262 564 LIBER
1315 495 1524 564 xlx.
2152 499 2295 582 401

187 627 354 712 imis,
391 624 514 696 sed
537 649 676 694 non
727 627 1204 722 comparandas
1245 649 1446 721 supra
1485 625 1681 692 dictis
1717 647 1733 690 ε
1774 645 1921 719 quae
1946 625 2015 693 in
2056 627 2308 712 medic,

187 731 532 819 rotundas;
557 755 706 826 quae
728 733 796 800 in
819 731 1150 818 lateribus,
1169 757 1419 802 crassas
1438 731 1925 824 brevioresque.
1962 732 2311 802 siccantur

189 841 250 906 in
295 838 584 926 umbra,
629 851 698 906 et
738 861 942 934 quum
990 836 1190 909 libeat
1229 862 1477 923 serere,
1533 837 1605 905 in
1646 859 1817 954 aqua
1868 853 2305 910 macerantur.

191 943 364 1014 Cibis
385 993 406 1028 ,
437 969 580 1039 quo
608 942 937 1039 longiores
971 947 1432 1040 tenuioresque
1449 993 1468 1027 ‚
1511 967 1593 1012 eo
1628 943 1981 1037 gratiores;
2020 959 2089 1014 et
2120 945 2211 1014 ob
2240 945 2307 1013 id
2346 960 2379 1018 4

192 1049 620 1138 salubriores»,
647 1075 792 1146 quae
815 1049 1164 1187 pendendo
1190 1075 1494 1136 crevere3
1531 1048 2015 1143 minimumque
2044 1051 2309 1120 seminis

191 1155 338 1226 tales
375 1155 666 1244 habent,
700 1143 1009 1227 duritia¹⁴
1051 1157 1192 1251 ejus
1241 1159 1314 1226 in
1361 1156 1523 1228 cibis
1561 1156 1841 1248 gratiam
1890 1156 2305 1225 terminante.

195 1263 312 1330 Eas
345 1286 496 1356 quae
521 1260 788 1333 semini¹
797 1247 1224 1350 ⁵serventur‚
1254 1278 1406 1332 ante
1430 1262 1721 1331 hiemem
1750 1259 2017 1356 praecidi
2042 1287 2177 1331 non
2210 1277 2310 1334 est

195 1393 340 1438 mos.
363 1371 609 1438 Postea
641 1369 828 1438 fumo
857 1369 1215 1457 siccantur,
1241 1366 1604 1440 condendis
1624 1366 2140 1438 hortensiorum¹
2122 1343 2173 1392 ’ὅ
2200 1393 2309 1438 se-

197 1473 470 1544 minibus
497 1476 760 1546 rusticae
791 1471 1198 1570 supellectili.
1241 1479 1526 1548 Inventa
1555 1487 1655 1542 est
1690 1471 1919 1542 ratio⁸⁷
1934 1523 1955 1560 ,
1986 1497 2119 1567 qua
2148 1475 2311 1544 cibis

199 1604 444 1674 quoque
483 1594 952 1668 servarentur3
985 1580 1351 1675 eodemque
1379 1578 1580 1650 modo
1616 1580 1948 1663 cucumis,
1980 1603 2189 1709 usque
2226 1581 2313 1650 ad

201 1684 346 1756 alios
381 1711 576 1781 paene
609 1701 1002 1782 proventus·
984 1735 1004 1770 ,
1047 1701 1116 1758 et
1147 1686 1216 1757 id
1245 1685 1560 1781 quidem
1541 1710 1611 1754 111
1638 1686 1851 1754 muria
1886 1671 2045 1754 fit¹⁸.
2080 1687 2208 1756 Sed
2244 1702 2313 1756 et

203 1791 416 1862 scrobe
433 1791 518 1877 ¹⁹,
578 1817 788 1888 opaco
833 1793 901 1862 in
941 1791 1089 1863 loco
1127 1816 1330 1862 arena
1381 1793 1744 1877 substrato,
1792 1791 2079 1885 fenoque
2136 1793 2311 1862 sicco

205 1913 490 1992 opertos„
519 1921 600 1969 ac
633 1897 871 1969 deinde
905 1912 1114 1983 terra,
1144 1898 1388 1968 virides
1429 1899 1679 1968 servari
1724 1898 2013 1966 tradunt.
2046 1899 2217 1967 Sunt
2243 1914 2314 1969 et

205 2003 522 2075 silvestres
539 2003 590 2030 ²⁰
623 2005 695 2074 in
718 2019 1002 2099 utroque
1027 2027 1296 2099 genere,
1325 2019 1393 2074 et
1415 2003 1723 2072 omnibus
1752 2002 1888 2071 fere
1914 2002 2267 2074 hortensiis
2293 2029 2309 2071 ε

208 2109 306 2180 sed
341 2125 408 2180 et
435 2109 548 2181 his
581 2108 894 2181 medica²¹
930 2124 1188 2180 tantum
1225 2124 1462 2180 natura
1492 2121 1611 2178 est.
1650 2110 1873 2197 Quam
1910 2107 1997 2178 ob
2029 2133 2169 2178 rem
2199 2109 2316 2179 dif-

209 2216 492 2286 ferentur
529 2219 600 2286 in
641 2239 760 2287 sua
797 2214 1158 2286 volumina.

297 2325 522 2392 XXV.
571 2320 850 2418 Reliqua
887 2321 1344 2418 cartilaginum
1383 2336 1637 2391 naturae
1675 2335 1852 2390 terra
1888 2318 2309 2391 occultantur
2350 2353 2371 2384 1

211 2431 430 2500 omnia.
467 2431 554 2498 In
588 2428 828 2523 quibus
858 2426 942 2498 de
975 2429 1151 2523 rapis
1193 2425 1454 2498 abunde
1471 2425 1489 2451 ¹
1519 2427 1759 2497 dixisse
1802 2440 2183 2522 poteramus
2214 2429 2310 2497 vi·
2354 2457 2359 2461 ·

212 2535 368 2623 deri,
391 2535 526 2606 nisi
549 2532 820 2605 medici²
841 2531 1181 2605 masculini
1211 2558 1409 2605 sexus
1435 2534 1732 2605 facerent
1758 2533 1827 2602 in
1855 2532 1960 2603 his
1988 2532 2315 2621 rotunda;
2430 2578 2437 2587 -

213 2638 428 2712 latiora
465 2666 628 2712 vero
666 2658 734 2711 et
764 2664 1059 2711 concava
1094 2640 1424 2728 feminini,
1468 2640 1921 2737 praestantiora
1956 2642 2276 2711 suavitate
2294 2695 2315 2731 ,

215 2856 486 2913 rietaafieri
513 2857 710 2929 possit,
731 2876 828 2911 auo
850 2856 1084 2911 carmine
1107 2856 1212 2911 Co·

214 2936 406 2993 lamella
432 2937 796 3004 demonstrat,
819 2937 915 2991 lib.
927 2938 981 2991 X
997 2936 1055 2991 in
1069 2938 1212 2991 Hor·

215 3018 328 3072 tulo.
352 3016 534 3072 Hm.

286 3105 370 3163 14.
396 3096 620 3150 Dus-teia.
641 3094 851 3150 Duritia
866 3094 1078 3149 seminia
1100 3114 1214 3167 gra-

217 3176 326 3229 tiam
355 3177 420 3230 in
440 3177 576 3231 cibis
608 3174 898 3229 cucurbitis
921 3176 1210 3231 auferente.

219 3254 380 3310 Eun.

289 3342 370 3390 15.
397 3336 510 3389 Eas
538 3354 648 3407 qua
669 3337 850 3388 semini.
875 3328 1077 3387 Pallad.
1103 3335 1211 3388 loc.

220 3414 340 3467 dut.
373 3442 398 3464 ι
419 3416 558 3481 Qua
599 3426 848 3469 seruntur
874 3412 943 3467 ad
985 3412 1214 3478 semina,

219 3510 368 3566 taque
389 3495 457 3548 ad
485 3494 718 3547 hiemem
751 3494 808 3549 in
845 3512 937 3547 ana
977 3492 1088 3548 vite
1119 3490 1214 3545 de-

221 3574 510 3643 pendeant:
545 3572 740 3627 deinde
771 3574 989 3627 sublate
1021 3573 1078 3627 in
1104 3572 1216 3625 sole

221 3667 470 3722 ponantur
485 3690 504 3719 ,
527 3664 620 3706 ant
642 3654 822 3707 fumo:
843 3652 996 3707 aliter
1015 3650 1217 3706 semina

221 3734 496 3801 putrefacta
520 3730 832 3804 depereunt.
862 3758 886 3780 ι
915 3730 1095 3785 Haan.

294 3816 374 3866 16.
407 3813 786 3865 Hortensiorum.
814 3814 892 3867 Ita
917 3812 1070 3865 MSS.
1098 3827 1218 3863 om-

219 3908 314 3943 nes.
341 3892 624 3947 Hortensia
661 3905 786 3946 aunt
811 3910 930 3964 qno
969 3890 1026 3943 in
1051 3888 1221 3943 hortis

223 3984 466 4026 uantur.
487 3969 668 4024 Haan.

299 4068 378 4120 ¹7·
418 4052 620 4104 Inmta
671 4063 744 4103 ese
772 4053 917 4103 ratio.
959 4046 1222 4103 Describit

221 4123 345 4184 lune
367 4130 481 4185 fuae
507 4130 774 4185 Nicander
799 4132 854 4185 in
893 4129 1142 4201 (λοι-εἰσ.
1169 4129 1223 4181 11

410 4230 531 4298 VI.

1294 2854 1442 2930 apud
1465 2855 1669 2910 Athen.
1704 2856 1801 2909 lib.
1824 2852 1937 2921 lx,
1978 2875 2035 2927 p.
2068 2856 2202 2929 37²·
2242 2860 2314 2914 H.

1383 2939 1474 2992 18.
1499 2937 1564 2989 In
1588 2939 1743 2989 muria
1755 2934 1842 3005 fit.
1873 2934 2101 2990 Modum
2126 2937 2317 2993 edocet

1295 3028 1482 3070 auctor
1501 3015 1746 3088 Geopon.
1776 3015 1879 3068 loc.
1900 3015 1993 3069 cit.
2019 3034 2073 3088 p.
2102 3016 2314 3080 344³.

1382 3113 1406 3148 1
1415 3112 1467 3164 9.
1481 3094 1585 3147 Sed
1596 3107 1645 3146 ee
1660 3093 1841 3147 sembe.
1858 3092 1943 3147 Sic
1958 3096 2115 3147 etiam
2131 3108 2317 3151 auctor

1298 3172 1470 3244 Geop.
1497 3173 1601 3226 loc.
1624 3174 1717 3227 cit.
1746 3190 1803 3244 p.
1838 3171 1969 3236 443.
1992 3172 2177 3229 Eun.

1382 3270 1468 3305 ao.
1507 3251 1637 3305 Sunt
1674 3264 1725 3304 et
1761 3252 2010 3305 sunum.
2046 3252 2317 3308 cucumer

1296 3331 1573 3395 silveta-is,
1602 3330 1951 3403 colocynthis.
1980 3332 2120 3387 Du..

1381 3428 1474 3465 21.
1497 3408 1601 3463 Sed
1620 3411 1757 3463 ethis
1783 3410 1983 3463 mediam
2010 3410 2207 3465 Nullus
2223 3410 2318 3465 ho·

1297 3508 1418 3543 rum
1450 3489 1507 3542 in
1535 3489 1671 3544 cibis
1698 3506 1823 3543 usna
1842 3508 1859 3541 ι
1882 3490 2057 3543 omnia
2076 3490 2133 3544 in
2154 3492 2321 3546 medi·

1297 3570 1433 3623 cina.
1456 3568 1632 3623 Ηιιυ.

1381 3650 1560 3703 XXV.
1595 3667 1645 3703 1.
1672 3648 1754 3700 De
1791 3652 1921 3719 rapis
1962 3648 2167 3705 abunde.
2198 3650 2321 3706 Lib.

1301 3730 1527 3790 xvul.
1573 3746 1690 3800 cap.
1724 3728 1817 3793 34.
1864 3728 1933 3781 Η.
1968 3758 2049 3771 --
2094 3730 2324 3783 Brassica

1305 3808 1478 3879 Rapa,
1505 3820 1561 3861 et
1592 3826 1739 3873 mox,
1770 3808 1977 3879 Neptu,
2006 3802 2323 3877 Emeu'(Te·

1307 3889 1437 3942 trad.
1475 3890 1692 3961 siliquas.
1734 3906 1857 3959 gen.
1892 3887 2039 3949 1245
2075 3888 2175 3943 W.
2204 3888 2327 3941 Cru-

1307 3969 1444 4035 cifer.
1469 3964 1649 4027 luam).
1682 3967 1791 4021 En.

1395 4066 1448 4099 a.
1483 4048 1599 4101 Nisa·
1638 4047 1819 4099 medici.
1862 4042 2089 4097 Medicis
2126 4044 2331 4114 preivit

1310 4126 1662 4198 Theophrast.
1690 4124 1831 4179 nist.
1862 4124 1957 4179 lib.
1972 4123 2243 4194 V11,cap.
2276 4130 2328 4188 4.

2050 4218 2140 4289 26
