3150 5150
866 635 1180 706 LIBER
1245 637 1575 708 XVIII..
2122 638 2261 710 261

137 768 438 838 triticum
461 820 479 854 ‚
526 782 779 838 seretur
816 794 831 836 :
870 782 1272 865 temperato,
1322 785 1388 838 et
1437 769 1764 856 triticum,
1807 783 1873 839 et
1929 769 2274 843 hordeum.

139 874 361 944 Colles
382 874 431 915 ¹⁷
471 875 837 962 robustiuS,
880 876 992 945 sed
1033 878 1254 945 minus
1280 927 1299 960 ‚
1352 875 1641 944 reddunt
1685 876 1996 945 triticum.
2045 876 2175 946 Far
2211 895 2279 949 et

133 967 408 1076 siligo¹⁸‚
424 995 492 1050 et
504 997 861 1065 cretosum,
878 996 943 1051 et
959 979 1360 1077 uliginosum
1376 981 1590 1052 solum
1612 983 2001 1051 sortiuntur.
2013 972 2278 1077 (xvlu.)

132 1089 214 1156 Et
251 1088 562 1183 frugibus
580 1087 629 1126 ¹⁹
659 1103 992 1158 ostentum
1028 1089 1227 1157 semel
1273 1080 1496 1183 (quod
1529 1088 1833 1185 equidem
1868 1081 2274 1182 invenerim)

136 1194 415 1282 accidit,
438 1197 511 1263 P.
549 1192 810 1279 AElio²⁰,
848 1197 973 1264 Cn.
996 1195 1311 1264 Cornelio
1345 1220 1510 1265 eosS.
1548 1221 1683 1291 quo
1716 1219 1892 1264 anno
1929 1212 2276 1290 superatus

133 1315 232 1369 est
287 1299 676 1370 Hannibal:
721 1302 788 1369 in
847 1300 1197 1371 arboribus
1254 1304 1427 1371 enim
1489 1317 1632 1372 tum
1690 1315 1844 1371 nata
1903 1301 2278 1396 produntur

136 1406 496 1475 frumenta.

232 1506 531 1582 XLVII.
590 1516 678 1582 Et
723 1516 1035 1609 quoniam
1082 1515 1166 1585 de
1225 1516 1491 1611 frugum
1544 1528 1866 1607 terraeque
1926 1515 2276 1608 generibus
2320 1544 2339 1578 ι

130 1618 407 1689 abunde
454 1619 771 1706 diximus,
805 1645 984 1690 nunc
1020 1621 1103 1690 de
1153 1622 1384 1691 arandi
1434 1622 1689 1690 ratione
1731 1620 2061 1703 dicemus,
2124 1637 2277 1691 ante

130 1728 363 1795 omnia
425 1728 691 1822 AEgypti
717 1726 1043 1797 -facilitate
1078 1742 1622 1799 commemorata.
1679 1726 1873 1797 Nilus
1919 1727 2009 1796 ibi
2057 1726 2277 1797 coloni

131 1832 274 1902 vice
324 1833 648 1929 fungenS,
692 1837 959 1929 evagari
1008 1837 1276 1932 incipit,
1333 1850 1409 1904 ut
1449 1832 1812 1916 diximus¹‚
1849 1831 2159 1918 solstitio,
2210 1828 2278 1903 et

128 2034 425 2089 humidum
450 2036 758 2107 opponitur.
792 2037 946 2091 MSS.
985 2050 1159 2091 tamen

124 2135 353 2181 omnes,
393 2117 577 2169 humili.
607 2114 782 2168 Hann.

215 2214 310 2265 ¹7·
349 2195 534 2249 Colles.
564 2197 779 2250 Colum.
807 2197 893 2261 11,
930 2216 996 2264 9,
1037 2214 1159 2268 pag.

127 2277 196 2328 52
237 2293 252 2328 :
293 2302 319 2322 ι
360 2276 533 2329 Collis
573 2276 758 2341 enim,
800 2276 1042 2348 quamvis
1071 2295 1161 2329 ro-

120 2356 341 2408 bustius
384 2355 697 2426 aliquanto,
754 2356 929 2408 minus
981 2369 1157 2409 tamen

124 2435 298 2487 tritici
324 2432 533 2488 reddit.
566 2461 589 2483 n
620 2436 802 2490 Ham.

209 2518 305 2568 18.
336 2514 455 2567 Far
493 2526 541 2565 et
574 2515 736 2586 siligo.
776 2516 987 2569 Colum.
1030 2516 1069 2567 l.
1110 2535 1158 2568 c.

128 2621 150 2642 ι
181 2597 404 2659 Densa,
432 2607 738 2667 cretumque
755 2635 772 2661 ,
816 2608 870 2649 et
905 2595 1163 2667 uliginosa

118 2676 356 2739 humrn,
398 2674 661 2746 siliginem
697 2689 751 2729 et
790 2677 871 2729 far
904 2675 1158 2729 adoreum

118 2774 230 2807 non
256 2753 611 2808 incommode
635 2754 744 2808 a1it.
778 2782 801 2804 n
839 2754 1019 2806 Hann.

209 2854 309 2904 19.
368 2837 452 2888 Et
485 2834 714 2906 frugibus
744 2875 758 2887 .
789 2876 839 2890 ..
883 2837 1039 2888 semel.
1085 2836 1160 2888 At

1248 2039 1364 2091 beri
1400 2056 1500 2108 pro
1539 2037 1642 2090 deo
1669 2035 1882 2090 dicitur.
1925 2037 2112 2109 Itaque
2149 2056 2276 2090 cave

1212 2164 1215 2167 ,
1248 2130 1301 2170 te
1331 2118 1475 2171 fallat
1505 2135 1755 2169 nummus
1789 2134 1853 2168 ex
1884 2135 1987 2170 aere
2023 2116 2272 2182 minimo,

1250 2198 1344 2269 qui
1370 2209 1451 2251 est
1480 2196 1538 2248 in
1568 2197 1844 2249 Thesauro
1880 2198 2030 2266 regio
2074 2197 2151 2249 sic
2188 2197 2273 2248 in·-

1249 2276 1506 2347 scriptus,
1558 2295 1670 2329 nno
1723 2290 1922 2329 unc-ro
1993 2294 2271 2329 suntor.

1250 2350 1425 2427 Caput
1452 2356 1696 2426 Serapis,
1723 2356 1808 2407 eui
1835 2355 2045 2409 modius
2071 2368 2147 2407 est
2171 2356 2272 2407 im-

1247 2437 1445 2506 positus
1467 2426 1547 2504 .)(.
1569 2454 1681 2488 nno
1703 2454 1904 2488 suc-ro
1924 2454 2076 2489 mro.
2095 2436 2272 2488 Fluvii

1249 2510 1615 2569 decumbentis
1667 2515 1869 2587 effigies
1888 2554 1906 2582 ,
1965 2533 2068 2589 qus
2125 2533 2272 2567 urna

1250 2595 1519 2660 innititur,
1556 2595 1875 2649 arundinem
1896 2595 2078 2649 dextra
2098 2608 2269 2658 tenet,

1248 2675 1457 2728 sinistra
1486 2676 1670 2730 Cornu
1697 2675 1897 2747 Copiae.
1930 2677 2076 2728 Infra
2097 2715 2112 2740 ,
2150 2693 2269 2727 nu.

1148 2766 1152 2772 ’
1249 2755 1417 2808 Flavii
1440 2755 1654 2809 Claudii
1680 2756 1886 2808 Juliani
1907 2756 2127 2826 Augusti
2151 2773 2272 2825 gra-

1248 2834 1319 2888 tia
1357 2852 1513 2888 eunus
1564 2836 1655 2888 hic
1702 2854 1951 2888 nummus
1993 2846 2070 2888 est
2097 2875 2112 2900 ,
2163 2853 2270 2887 non

1248 2915 1511 2987 AEgyptiae
1526 2928 1669 2969 certe
1683 2956 1698 2981 ,
1719 2914 1812 2968 sed
1834 2933 2047 2986 prorsus
2066 2915 2271 2984 perele-

1248 2997 1417 3065 gantis
1431 2995 1646 3049 fabrica
1663 3035 1679 3059 ,
1699 2995 1803 3049 hoc
1819 3007 1896 3047 est
1911 3032 1925 3052 ,
1961 2994 2268 3047 Gallicanae.

1248 3075 1419 3128 Cusus
1432 3113 1448 3140 ,
1471 3077 1692 3145 inquam
1709 3113 1724 3136 ,
1750 3092 1849 3126 Am
1868 3096 1882 3137 ς
1905 3074 2012 3126 hoc
2026 3086 2103 3125 est
2120 3105 2136 3133 ‚
2155 3074 2270 3123 Pri-

1250 3164 1339 3206 r‘noe
1354 3155 1690 3225 Lugdunensis
1711 3154 1890 3205 Edicto
1908 3193 1923 3215 ‚
1964 3151 2032 3205 ad
2055 3171 2269 3204 amnem

1247 3233 1586 3287 Rhodanum.
1632 3232 1904 3299 Sententia
1953 3232 2149 3302 prioris
2187 3231 2270 3283 in·

1248 3314 1552 3384 scriptionis
1572 3314 1689 3365 hoec
1719 3324 1797 3364 est
1825 3331 1840 3362 t
1870 3312 2066 3363 Dudum
2101 3312 2268 3380 Expe-

1252 3398 1388 3445 eae'tum
1432 3393 1586 3452 Orbi.
1619 3391 1846 3444 See-vator
1868 3393 2049 3444 Prima!
2072 3391 2266 3442 Narbo-

1251 3478 1433 3537 nensis,
1473 3473 1734 3525 Civitatum
1770 3473 1818 3524 T
1815 3484 1980 3524 carator
2007 3471 2231 3524 Omnium
2251 3510 2265 3532 ,

1251 3556 1458 3606 sunnis
1469 3552 1721 3605 lulianum
1745 3551 1898 3604 Dedit
1914 3553 2271 3622 Imperatorem.

1251 3635 1354 3686 Ista
1381 3632 1693 3705 posterioris
1723 3649 1736 3684 t
1766 3633 1964 3684 Dudum
1991 3633 2272 3702 Expeeitum

1257 3713 1411 3778 Orbi,
1466 3711 1662 3782 Serapis
1712 3712 1893 3764 Primoe
1943 3713 2273 3765 Narbonensis

1257 3793 1517 3846 Civitamm
1552 3795 1763 3845 Tueatur
1785 3810 1813 3859 ,·
1845 3792 2079 3847 Omnibus
2107 3792 2273 3862 Nego-

1255 3873 1505 3926 tiator-ibus
1526 3872 1773 3925 Iulianum
1810 3873 2132 3926 Libet-acorem
2167 3872 2273 3924 Ob·

1257 3952 1383 4005 tulit.
1410 4007 1412 4010 Α
1442 3953 1663 4006 Fluvius
1708 3953 1798 4005 hic
1849 3952 2091 4024 depictus
2134 3964 2274 4004 certe

117 2917 286 2967 etiam
313 2927 533 2986 postea,
558 2934 668 2987 quo
690 2928 931 2988 tempore
959 2916 1014 2968 in
1043 2916 1159 2968 Nu·

119 2995 332 3047 mantia
344 2996 579 3048 resmale
592 3007 773 3066 gestae,
788 2995 1039 3048 Bononia
1055 2997 1163 3048 sru-

111 3094 208 3143 ges
234 3074 297 3126 in
321 3075 612 3127 arboribus
636 3088 782 3128 natus
803 3076 967 3129 refert
986 3075 1160 3128 Julius

112 3154 331 3225 Oboeq.
358 3172 481 3225 cap.
501 3173 702 3217 mxu,
732 3174 786 3225 p.
814 3155 906 3219 45.
932 3156 1159 3208 Iterum-

107 3253 222 3304 que
248 3253 381 3304 cap.
414 3252 522 3300 xc,
561 3252 686 3305 pag.
738 3242 829 3303 49.
874 3235 942 3287 Et
983 3234 1160 3288 Julius

106 3313 474 3385 Capitolinus
495 3314 551 3365 in
574 3314 851 3366 Antonino
869 3314 989 3379 Pio,
1021 3315 1163 3368 inter

109 3406 340 3446 ostenta
356 3432 374 3458 ,
392 3411 454 3463 p.
483 3412 574 3445 ποτ
594 3415 616 3436 ·
641 3391 916 3446 Hordeum
931 3394 1163 3466 ,inquit,

104 3476 164 3525 iu
194 3474 409 3525 Maia
442 3471 499 3525 in
534 3473 861 3527 culminibus
906 3473 1163 3527 arborum

104 3568 314 3606 natum
338 3564 439 3605 est.
468 3578 491 3598 ι
527 3552 708 3606 Ham).

197 3652 307 3687 20.
355 3632 425 3685 P.
479 3633 640 3685 AElio.
696 3633 755 3685 P.
800 3634 938 3685 AElio
986 3634 1128 3687 Poto
1146 3673 1161 3698 ,

100 3714 218 3765 Cu.
252 3713 444 3766 Corn.
466 3712 698 3766 Lentulo
729 3731 862 3765 coss.
882 3732 1004 3766 ann.
1026 3714 1163 3767 Urb.

101 3791 229 3847 553
254 3830 273 3853 .
324 3810 446 3864 quo
468 3791 676 3845 finitum
702 3810 811 3845 esse
838 3793 1033 3845 bellum
1063 3793 1166 3845 Pu-

94 3873 312 3925 nicum
330 3870 629 3924 secundum
643 3904 663 3933 2
678 3886 864 3926 auctor
876 3885 954 3925 est
965 3873 1165 3938 Livius,

95 3952 203 4003 lib.
243 3952 430 4004 XXX
446 3988 464 4014 ,
480 3971 604 4023 pag.
634 3954 743 4022 367
762 3991 776 4013 ‚
804 3952 947 4005 victo
965 3951 1167 4005 Hanni-

92 4033 229 4084 bale
254 4030 842 4102 aScipioneAsi-icano
861 4031 1165 4103 majore.1·1.
1255 4032 1411 4084 Nilus
1447 4053 1561 4087 uon
1602 4045 1681 4087 est
1705 4069 1721 4095 ‚
1763 4051 1928 4104 quum
1977 4029 2277 4083 crocodilus

186 4111 455 4164 XLVII.
494 4131 544 4165 ι.
578 4112 645 4164 Ue
676 4112 903 4164 diximus.
934 4113 1052 4164 Lib.
1084 4112 1167 4176 V,
1258 4113 1778 4183 hippopotamusque
1804 4112 1942 4163 absit
1968 4128 1981 4161 ε
2012 4109 2105 4161 sed
2129 4111 2275 4163 Rho-

85 4211 226 4263 (τερ.
300 4209 400 4244 ιο.
458 4191 611 4245 Nilus
655 4191 745 4244 bic
791 4205 945 4245 caute
986 4193 1167 4246 coloni
1259 4191 1426 4244 danus
1464 4204 1568 4255 est,
1606 4192 1876 4248 marisve,
1920 4190 2013 4260 qui
2063 4189 2278 4260 Lugdu·
2378 4198 2389 4218 ¹>

89 4274 228 4325 vice
258 4270 439 4341 fungi
468 4269 689 4333 dicitur,
728 4290 843 4324 non
879 4284 1050 4325 tamen
1075 4273 1169 4325 ha·
1262 4289 1483 4324 nensem
1527 4272 1756 4342 primam
1800 4270 2009 4322 alluunt
2031 4308 2047 4333 ,
2096 4271 2177 4322 vel
2206 4288 2284 4321 se·

1888 4348 2016 4456 173
