<?xml version="1.0" encoding="UTF-8"?>
<!DOCTYPE html PUBLIC "-//W3C//DTD XHTML 1.0 Transitional//EN"
    "http://www.w3.org/TR/xhtml1/DTD/xhtml1-transitional.dtd">
<html xmlns="http://www.w3.org/1999/xhtml" xml:lang="en" lang="en">
 <head>
  <title>
</title>
<meta http-equiv="Content-Type" content="text/html;charset=utf-8" />
  <meta name='ocr-system' content='tesseract 3.04.00' />
  <meta name='ocr-capabilities' content='ocr_page ocr_carea ocr_par ocr_line ocrx_word'/>
</head>
<body>
  <div class='ocr_page' id='page_1' title='image "./caiipliniisecun01hardgoog_0082.png"; bbox 0 0 3150 5150; ppageno 0'>
   <div class='ocr_carea' id='block_1_1' title="bbox 774 583 869 653">
    <p class='ocr_par' dir='ltr' id='par_1_1' title="bbox 774 583 869 653">
     <span class='ocr_line' id='line_1_1' title="bbox 774 583 869 653; baseline 0 -27"><span class='ocrx_word' id='word_1_1' title='bbox 774 583 869 653; x_wconf 77' lang='lat'><strong>72</strong></span> 
     </span>
    </p>
   </div>
   <div class='ocr_carea' id='block_1_2' title="bbox 1305 555 2370 626">
    <p class='ocr_par' dir='ltr' id='par_1_2' title="bbox 1305 555 2370 626">
     <span class='ocr_line' id='line_1_2' title="bbox 1305 555 2370 626; baseline -0.003 -1"><span class='ocrx_word' id='word_1_2' title='bbox 1305 555 2058 626; x_wconf 83' lang='lat' dir='ltr'><strong>C.PLINIINA&#39;1.</strong></span> <span class='ocrx_word' id='word_1_3' title='bbox 2116 555 2370 622; x_wconf 77' lang='lat' dir='ltr'><strong>HIS&#39;L&#39;</strong></span> 
     </span>
    </p>
   </div>
   <div class='ocr_carea' id='block_1_3' title="bbox 702 681 2905 2054">
    <p class='ocr_par' dir='ltr' id='par_1_3' title="bbox 702 681 2903 1525">
     <span class='ocr_line' id='line_1_3' title="bbox 769 681 2901 807; baseline -0.001 -49"><span class='ocrx_word' id='word_1_4' title='bbox 769 681 966 777; x_wconf 89' lang='lat' dir='ltr'><strong>rum)</strong></span> <span class='ocrx_word' id='word_1_5' title='bbox 1013 689 1281 773; x_wconf 85' lang='lat' dir='ltr'><strong>cortici,</strong></span> <span class='ocrx_word' id='word_1_6' title='bbox 1325 690 1729 807; x_wconf 82' lang='lat' dir='ltr'><strong>imprimitur</strong></span> <span class='ocrx_word' id='word_1_7' title='bbox 1780 713 1863 757; x_wconf 79' lang='lat' dir='ltr'><strong>ex</strong></span> <span class='ocrx_word' id='word_1_8' title='bbox 1906 686 2033 756; x_wconf 85' lang='lat' dir='ltr'><strong>alia</strong></span> <span class='ocrx_word' id='word_1_9' title='bbox 2083 702 2317 756; x_wconf 82' lang='lat' dir='ltr'>cortex</span> <span class='ocrx_word' id='word_1_10' title='bbox 2362 709 2529 782; x_wconf 89' lang='lat' dir='ltr'><strong>par,</strong></span> <span class='ocrx_word' id='word_1_11' title='bbox 2594 711 2751 758; x_wconf 87' lang='lat' dir='ltr'><strong>cum</strong></span> <span class='ocrx_word' id='word_1_12' title='bbox 2806 692 2901 757; x_wconf 86' lang='lat' dir='ltr'><strong>sui</strong></span> 
     </span>
     <span class='ocr_line' id='line_1_4' title="bbox 767 779 2903 890; baseline -0.001 -26"><span class='ocrx_word' id='word_1_13' title='bbox 767 779 1120 890; x_wconf 82' lang='lat' dir='ltr'><strong>germinis³</strong></span> <span class='ocrx_word' id='word_1_14' title='bbox 1149 817 1466 864; x_wconf 88' lang='lat' dir='ltr'><strong>mamma:</strong></span> <span class='ocrx_word' id='word_1_15' title='bbox 1497 795 1589 864; x_wconf 88' lang='lat' dir='ltr'><strong>sic</strong></span> <span class='ocrx_word' id='word_1_16' title='bbox 1614 817 1934 888; x_wconf 76' lang='lat' dir='ltr'>compage</span> <span class='ocrx_word' id='word_1_17' title='bbox 1962 793 2271 876; x_wconf 87' lang='lat' dir='ltr'><strong>densata,</strong></span> <span class='ocrx_word' id='word_1_18' title='bbox 2300 809 2377 862; x_wconf 88' lang='lat' dir='ltr'><strong>ut</strong></span> <span class='ocrx_word' id='word_1_19' title='bbox 2401 795 2691 864; x_wconf 78' lang='lat' dir='ltr'><strong>cicatrici</strong></span> <span class='ocrx_word' id='word_1_20' title='bbox 2722 793 2903 863; x_wconf 83' lang='lat' dir='ltr'><strong>locus</strong></span> 
     </span>
     <span class='ocr_line' id='line_1_5' title="bbox 763 899 2899 987; baseline -0.003 -13"><span class='ocrx_word' id='word_1_21' title='bbox 763 927 902 974; x_wconf 86' lang='lat' dir='ltr'><strong>non</strong></span> <span class='ocrx_word' id='word_1_22' title='bbox 933 902 1053 986; x_wconf 71' lang='lat' dir='ltr'><strong>sit,</strong></span> <span class='ocrx_word' id='word_1_23' title='bbox 1085 915 1154 970; x_wconf 90' lang='lat' dir='ltr'><strong>et</strong></span> <span class='ocrx_word' id='word_1_24' title='bbox 1179 902 1396 972; x_wconf 85' lang='lat' dir='ltr'><strong>statim</strong></span> <span class='ocrx_word' id='word_1_25' title='bbox 1433 899 1552 972; x_wconf 84' lang='lat' dir='ltr'><strong>fiat</strong></span> <span class='ocrx_word' id='word_1_26' title='bbox 1584 902 1837 987; x_wconf 87' lang='lat' dir='ltr'><strong>unitas,</strong></span> <span class='ocrx_word' id='word_1_27' title='bbox 1864 924 1989 970; x_wconf 86' lang='lat' dir='ltr'><strong>nec</strong></span> <span class='ocrx_word' id='word_1_28' title='bbox 2020 900 2409 981; x_wconf 85' lang='lat' dir='ltr'><strong>humorem,</strong></span> <span class='ocrx_word' id='word_1_29' title='bbox 2438 923 2560 969; x_wconf 88' lang='lat' dir='ltr'><strong>nec</strong></span> <span class='ocrx_word' id='word_1_30' title='bbox 2598 899 2899 970; x_wconf 80' lang='lat' dir='ltr'><strong>afflatum</strong></span> 
     </span>
     <span class='ocr_line' id='line_1_6' title="bbox 765 993 2901 1102; baseline -0.003 -22"><span class='ocrx_word' id='word_1_31' title='bbox 765 1008 1088 1102; x_wconf 85' lang='lat' dir='ltr'><strong>recipiens</strong></span> <span class='ocrx_word' id='word_1_32' title='bbox 1117 1027 1133 1069; x_wconf 76' lang='lat' dir='ltr'><strong>t</strong></span> <span class='ocrx_word' id='word_1_33' title='bbox 1160 1005 1585 1076; x_wconf 83' lang='lat' dir='ltr'><strong>nihilominus</strong></span> <span class='ocrx_word' id='word_1_34' title='bbox 1611 1021 1835 1076; x_wconf 87' lang='lat' dir='ltr'><strong>tamen</strong></span> <span class='ocrx_word' id='word_1_35' title='bbox 1875 1021 1943 1074; x_wconf 90' lang='lat' dir='ltr'><strong>et</strong></span> <span class='ocrx_word' id='word_1_36' title='bbox 1978 1003 2119 1076; x_wconf 85' lang='lat' dir='ltr'><strong>luto</strong></span> <span class='ocrx_word' id='word_1_37' title='bbox 2146 1007 2405 1077; x_wconf 88' lang='lat' dir='ltr'><strong>munire</strong></span> <span class='ocrx_word' id='word_1_38' title='bbox 2426 1060 2445 1091; x_wconf 89' lang='lat'>,</span> <span class='ocrx_word' id='word_1_39' title='bbox 2486 993 2593 1074; x_wconf 79' lang='lat' dir='ltr'><strong>et⁴</strong></span> <span class='ocrx_word' id='word_1_40' title='bbox 2630 1006 2901 1075; x_wconf 77' lang='lat' dir='ltr'><strong>vinculo</strong></span> 
     </span>
     <span class='ocr_line' id='line_1_7' title="bbox 702 1111 2893 1208; baseline -0.003 -20"><span class='ocrx_word' id='word_1_41' title='bbox 702 1157 730 1190; x_wconf 76' lang='lat'>2</span> <span class='ocrx_word' id='word_1_42' title='bbox 767 1113 1018 1188; x_wconf 84' lang='lat' dir='ltr'><strong>melius.</strong></span> <span class='ocrx_word' id='word_1_43' title='bbox 1049 1116 1197 1183; x_wconf 88' lang='lat' dir='ltr'><strong>Hoc</strong></span> <span class='ocrx_word' id='word_1_44' title='bbox 1225 1135 1432 1204; x_wconf 86' lang='lat' dir='ltr'><strong>genus</strong></span> <span class='ocrx_word' id='word_1_45' title='bbox 1453 1137 1591 1182; x_wconf 89' lang='lat' dir='ltr'><strong>non</strong></span> <span class='ocrx_word' id='word_1_46' title='bbox 1618 1113 1871 1208; x_wconf 82' lang='lat' dir='ltr'><strong>pridem</strong></span> <span class='ocrx_word' id='word_1_47' title='bbox 1899 1126 2233 1206; x_wconf 86' lang='lat' dir='ltr'><strong>repertum</strong></span> <span class='ocrx_word' id='word_1_48' title='bbox 2264 1111 2530 1197; x_wconf 80' lang='lat' dir='ltr'><strong>volunt,</strong></span> <span class='ocrx_word' id='word_1_49' title='bbox 2556 1114 2672 1207; x_wconf 88' lang='lat' dir='ltr'><strong>qui</strong></span> <span class='ocrx_word' id='word_1_50' title='bbox 2702 1114 2893 1181; x_wconf 80' lang='lat' dir='ltr'><strong>novis</strong></span> 
     </span>
     <span class='ocr_line' id='line_1_8' title="bbox 769 1165 2900 1312; baseline -0.002 -22"><span class='ocrx_word' id='word_1_51' title='bbox 769 1219 1062 1290; x_wconf 76' lang='lat' dir='ltr'><strong>moribus</strong></span> <span class='ocrx_word' id='word_1_52' title='bbox 1107 1218 1350 1288; x_wconf 79' lang='lat' dir='ltr'><strong>favent.</strong></span> <span class='ocrx_word' id='word_1_53' title='bbox 1397 1218 1526 1288; x_wconf 84' lang='lat' dir='ltr'><strong>Sed</strong></span> <span class='ocrx_word' id='word_1_54' title='bbox 1561 1218 1629 1287; x_wconf 87' lang='lat' dir='ltr'><strong>id</strong></span> <span class='ocrx_word' id='word_1_55' title='bbox 1666 1221 1861 1289; x_wconf 83' lang='lat' dir='ltr'><strong>etiam</strong></span> <span class='ocrx_word' id='word_1_56' title='bbox 1894 1217 2073 1312; x_wconf 87' lang='lat' dir='ltr'><strong>apud</strong></span> <span class='ocrx_word' id='word_1_57' title='bbox 2116 1233 2374 1290; x_wconf 80' lang='lat' dir='ltr'><strong>veteres</strong></span> <span class='ocrx_word' id='word_1_58' title='bbox 2404 1165 2677 1288; x_wconf 70' lang='lat' dir='ltr'><strong>Griecos</strong></span> <span class='ocrx_word' id='word_1_59' title='bbox 2724 1219 2900 1286; x_wconf 80' lang='lat' dir='ltr'><strong>inve·</strong></span> 
     </span>
     <span class='ocr_line' id='line_1_9' title="bbox 769 1311 2901 1419; baseline 0 -27"><span class='ocrx_word' id='word_1_60' title='bbox 769 1328 983 1408; x_wconf 85' lang='lat' dir='ltr'><strong>nitur,</strong></span> <span class='ocrx_word' id='word_1_61' title='bbox 1019 1339 1086 1394; x_wconf 90' lang='lat' dir='ltr'><strong>et</strong></span> <span class='ocrx_word' id='word_1_62' title='bbox 1123 1323 1303 1419; x_wconf 87' lang='lat' dir='ltr'><strong>apud</strong></span> <span class='ocrx_word' id='word_1_63' title='bbox 1336 1311 1708 1395; x_wconf 87' lang='lat' dir='ltr'><strong>Catonem⁵</strong></span> <span class='ocrx_word' id='word_1_64' title='bbox 1714 1377 1733 1410; x_wconf 89' lang='lat'>‚</span> <span class='ocrx_word' id='word_1_65' title='bbox 1776 1325 1888 1418; x_wconf 88' lang='lat' dir='ltr'><strong>qui</strong></span> <span class='ocrx_word' id='word_1_66' title='bbox 1930 1322 2145 1393; x_wconf 81' lang='lat' dir='ltr'><strong>oleam</strong></span> <span class='ocrx_word' id='word_1_67' title='bbox 2186 1323 2521 1417; x_wconf 86' lang='lat' dir='ltr'><strong>ficumque</strong></span> <span class='ocrx_word' id='word_1_68' title='bbox 2568 1325 2661 1392; x_wconf 86' lang='lat' dir='ltr'><strong>sic</strong></span> <span class='ocrx_word' id='word_1_69' title='bbox 2706 1325 2901 1393; x_wconf 83' lang='lat' dir='ltr'><strong>inseri</strong></span> 
     </span>
     <span class='ocr_line' id='line_1_10' title="bbox 761 1429 2899 1525; baseline -0.002 -23"><span class='ocrx_word' id='word_1_70' title='bbox 761 1433 994 1525; x_wconf 80' lang='lat' dir='ltr'><strong>jussit,</strong></span> <span class='ocrx_word' id='word_1_71' title='bbox 1037 1455 1350 1500; x_wconf 85' lang='lat' dir='ltr'><strong>mensura</strong></span> <span class='ocrx_word' id='word_1_72' title='bbox 1396 1433 1591 1501; x_wconf 87' lang='lat' dir='ltr'><strong>etiam</strong></span> <span class='ocrx_word' id='word_1_73' title='bbox 1635 1429 1957 1524; x_wconf 59' lang='lat' dir='ltr'><strong>praefinita</strong></span> <span class='ocrx_word' id='word_1_74' title='bbox 1992 1429 2353 1499; x_wconf 86' lang='lat' dir='ltr'><strong>secundum</strong></span> <span class='ocrx_word' id='word_1_75' title='bbox 2398 1429 2720 1523; x_wconf 87' lang='lat' dir='ltr'><strong>reliquam</strong></span> <span class='ocrx_word' id='word_1_76' title='bbox 2761 1429 2899 1498; x_wconf 89' lang='lat' dir='ltr'><strong>dili-</strong></span> 
     </span>
    </p>

    <p class='ocr_par' dir='ltr' id='par_1_4' title="bbox 769 1535 2897 1738">
     <span class='ocr_line' id='line_1_11' title="bbox 769 1535 2897 1631; baseline -0.002 -24"><span class='ocrx_word' id='word_1_77' title='bbox 769 1539 1059 1631; x_wconf 80' lang='lat' dir='ltr'><strong>gentiam</strong></span> <span class='ocrx_word' id='word_1_78' title='bbox 1093 1561 1322 1606; x_wconf 86' lang='lat' dir='ltr'><strong>suam:</strong></span> <span class='ocrx_word' id='word_1_79' title='bbox 1359 1538 1639 1606; x_wconf 88' lang='lat' dir='ltr'><strong>cortices</strong></span> <span class='ocrx_word' id='word_1_80' title='bbox 1678 1536 1939 1630; x_wconf 86' lang='lat' dir='ltr'><strong>scalpro</strong></span> <span class='ocrx_word' id='word_1_81' title='bbox 1970 1535 2185 1605; x_wconf 86' lang='lat' dir='ltr'><strong>excidi</strong></span> <span class='ocrx_word' id='word_1_82' title='bbox 2221 1551 2506 1630; x_wconf 87' lang='lat' dir='ltr'><strong>quatuor</strong></span> <span class='ocrx_word' id='word_1_83' title='bbox 2537 1536 2897 1629; x_wconf 82' lang='lat' dir='ltr'><strong>digitorum</strong></span> 
     </span>
     <span class='ocr_line' id='line_1_12' title="bbox 769 1638 2897 1738; baseline -0.002 -26"><span class='ocrx_word' id='word_1_84' title='bbox 769 1642 1218 1738; x_wconf 81' lang='lat' dir='ltr'><strong>longitudine,</strong></span> <span class='ocrx_word' id='word_1_85' title='bbox 1259 1657 1328 1712; x_wconf 89' lang='lat' dir='ltr'><strong>et</strong></span> <span class='ocrx_word' id='word_1_86' title='bbox 1371 1638 1572 1712; x_wconf 89' lang='lat' dir='ltr'><strong>trium</strong></span> <span class='ocrx_word' id='word_1_87' title='bbox 1614 1641 1998 1726; x_wconf 84' lang='lat' dir='ltr'><strong>latitudine,</strong></span> <span class='ocrx_word' id='word_1_88' title='bbox 2034 1657 2233 1736; x_wconf 89' lang='lat' dir='ltr'><strong>atque</strong></span> <span class='ocrx_word' id='word_1_89' title='bbox 2278 1643 2369 1710; x_wconf 85' lang='lat' dir='ltr'><strong>ita</strong></span> <span class='ocrx_word' id='word_1_90' title='bbox 2408 1643 2897 1735; x_wconf 85' lang='lat' dir='ltr'><strong>coagmentari</strong></span> 
     </span>
    </p>

    <p class='ocr_par' dir='ltr' id='par_1_5' title="bbox 703 1735 2905 2054">
     <span class='ocr_line' id='line_1_13' title="bbox 703 1735 2903 1850; baseline -0.002 -28"><span class='ocrx_word' id='word_1_91' title='bbox 703 1770 733 1822; x_wconf 87' lang='grc'>3</span> <span class='ocrx_word' id='word_1_92' title='bbox 769 1764 838 1820; x_wconf 87' lang='lat' dir='ltr'><strong>et</strong></span> <span class='ocrx_word' id='word_1_93' title='bbox 875 1748 986 1818; x_wconf 86' lang='lat' dir='ltr'><strong>illa</strong></span> <span class='ocrx_word' id='word_1_94' title='bbox 1017 1773 1138 1818; x_wconf 86' lang='lat' dir='ltr'><strong>sua</strong></span> <span class='ocrx_word' id='word_1_95' title='bbox 1173 1735 1434 1850; x_wconf 82' lang='lat' dir='ltr'><strong>intrita⁶</strong></span> <span class='ocrx_word' id='word_1_96' title='bbox 1475 1748 1727 1818; x_wconf 84' lang='lat' dir='ltr'><strong>oblini:</strong></span> <span class='ocrx_word' id='word_1_97' title='bbox 1758 1747 1987 1818; x_wconf 88' lang='lat' dir='ltr'><strong>eadem</strong></span> <span class='ocrx_word' id='word_1_98' title='bbox 2026 1750 2280 1816; x_wconf 87' lang='lat' dir='ltr'><strong>ratione</strong></span> <span class='ocrx_word' id='word_1_99' title='bbox 2305 1763 2370 1816; x_wconf 90' lang='lat' dir='ltr'><strong>et</strong></span> <span class='ocrx_word' id='word_1_100' title='bbox 2408 1750 2473 1817; x_wconf 90' lang='lat' dir='ltr'><strong>in</strong></span> <span class='ocrx_word' id='word_1_101' title='bbox 2504 1746 2701 1816; x_wconf 86' lang='lat' dir='ltr'><strong>malo.</strong></span> <span class='ocrx_word' id='word_1_102' title='bbox 2740 1749 2903 1836; x_wconf 87' lang='lat' dir='ltr'><strong>Qui-</strong></span> 
     </span>
     <span class='ocr_line' id='line_1_14' title="bbox 771 1853 2903 1948; baseline -0.001 -24"><span class='ocrx_word' id='word_1_103' title='bbox 771 1855 922 1924; x_wconf 87' lang='lat' dir='ltr'><strong>dam</strong></span> <span class='ocrx_word' id='word_1_104' title='bbox 953 1855 1109 1924; x_wconf 90' lang='lat' dir='ltr'><strong>huic</strong></span> <span class='ocrx_word' id='word_1_105' title='bbox 1153 1856 1376 1948; x_wconf 83' lang='lat' dir='ltr'><strong>generi</strong></span> <span class='ocrx_word' id='word_1_106' title='bbox 1423 1857 1749 1924; x_wconf 82' lang='lat' dir='ltr'><strong>miscuere</strong></span> <span class='ocrx_word' id='word_1_107' title='bbox 1780 1853 2128 1922; x_wconf 85' lang='lat' dir='ltr'><strong>fissuram⁷</strong></span> <span class='ocrx_word' id='word_1_108' title='bbox 2168 1855 2235 1922; x_wconf 90' lang='lat' dir='ltr'><strong>in</strong></span> <span class='ocrx_word' id='word_1_109' title='bbox 2276 1853 2559 1937; x_wconf 69' lang='lat' dir='ltr'><strong>vitibu5‚</strong></span> <span class='ocrx_word' id='word_1_110' title='bbox 2596 1869 2903 1948; x_wconf 85' lang='lat' dir='ltr'><strong>exempta</strong></span> 
     </span>
     <span class='ocr_line' id='line_1_15' title="bbox 772 1959 2905 2054; baseline -0.002 -23"><span class='ocrx_word' id='word_1_111' title='bbox 772 1962 1003 2031; x_wconf 89' lang='lat' dir='ltr'><strong>cortici</strong></span> <span class='ocrx_word' id='word_1_112' title='bbox 1027 1959 1322 2047; x_wconf 86' lang='lat' dir='ltr'><strong>tessella,</strong></span> <span class='ocrx_word' id='word_1_113' title='bbox 1363 1959 1627 2029; x_wconf 89' lang='lat' dir='ltr'><strong>surculo</strong></span> <span class='ocrx_word' id='word_1_114' title='bbox 1653 1985 1691 2027; x_wconf 88' lang='lat' dir='ltr'><strong>a</strong></span> <span class='ocrx_word' id='word_1_115' title='bbox 1713 1959 1917 2029; x_wconf 88' lang='lat' dir='ltr'><strong>latere</strong></span> <span class='ocrx_word' id='word_1_116' title='bbox 1956 1959 2151 2054; x_wconf 87' lang='lat' dir='ltr'><strong>plano</strong></span> <span class='ocrx_word' id='word_1_117' title='bbox 2180 1959 2521 2052; x_wconf 85' lang='lat' dir='ltr'><strong>adigendo.</strong></span> <span class='ocrx_word' id='word_1_118' title='bbox 2540 1961 2674 2027; x_wconf 91' lang='lat' dir='ltr'><strong>Tot</strong></span> <span class='ocrx_word' id='word_1_119' title='bbox 2693 1959 2905 2030; x_wconf 87' lang='lat' dir='ltr'><strong>modis</strong></span> 
     </span>
    </p>
   </div>
   <div class='ocr_carea' id='block_1_4' title="bbox 773 2051 2637 2158">
    <p class='ocr_par' dir='ltr' id='par_1_6' title="bbox 773 2051 2637 2158">
     <span class='ocr_line' id='line_1_16' title="bbox 773 2051 2637 2158; baseline -0.001 -23"><span class='ocrx_word' id='word_1_120' title='bbox 773 2069 1034 2135; x_wconf 86' lang='lat' dir='ltr'><strong>insitam</strong></span> <span class='ocrx_word' id='word_1_121' title='bbox 1077 2067 1382 2134; x_wconf 80' lang='lat' dir='ltr'><strong>arborem</strong></span> <span class='ocrx_word' id='word_1_122' title='bbox 1439 2065 1727 2136; x_wconf 85' lang='lat' dir='ltr'><strong>vidimus</strong></span> <span class='ocrx_word' id='word_1_123' title='bbox 1778 2066 1961 2158; x_wconf 81' lang='lat' dir='ltr'><strong>juxta</strong></span> <span class='ocrx_word' id='word_1_124' title='bbox 2001 2065 2309 2134; x_wconf 85' lang='lat' dir='ltr'><strong>Tiburtes</strong></span> <span class='ocrx_word' id='word_1_125' title='bbox 2350 2051 2637 2136; x_wconf 75' lang='lat' dir='ltr'><strong>Tullias⁸</strong></span> 
     </span>
    </p>
   </div>
   <div class='ocr_carea' id='block_1_5' title="bbox 2656 2069 2903 2144">
    <p class='ocr_par' dir='ltr' id='par_1_7' title="bbox 2656 2069 2903 2144">
     <span class='ocr_line' id='line_1_17' title="bbox 2656 2069 2903 2144; baseline 0 -10"><span class='ocrx_word' id='word_1_126' title='bbox 2656 2119 2675 2144; x_wconf 79' lang='grc'><strong>.,</strong></span> <span class='ocrx_word' id='word_1_127' title='bbox 2722 2069 2903 2134; x_wconf 74' lang='lat' dir='ltr'><strong>omni</strong></span> 
     </span>
    </p>
   </div>
   <div class='ocr_carea' id='block_1_6' title="bbox 769 2171 2906 2584">
    <p class='ocr_par' dir='ltr' id='par_1_8' title="bbox 769 2171 2906 2584">
     <span class='ocr_line' id='line_1_18' title="bbox 771 2171 2906 2292; baseline -0.001 -49"><span class='ocrx_word' id='word_1_128' title='bbox 771 2197 1014 2292; x_wconf 86' lang='lat' dir='ltr'><strong>genere</strong></span> <span class='ocrx_word' id='word_1_129' title='bbox 1051 2197 1403 2267; x_wconf 87' lang='lat' dir='ltr'><strong>pomorum</strong></span> <span class='ocrx_word' id='word_1_130' title='bbox 1437 2188 1773 2252; x_wconf 82' lang='lat' dir='ltr'><strong>onustam,</strong></span> <span class='ocrx_word' id='word_1_131' title='bbox 1838 2171 1969 2240; x_wconf 84' lang='lat' dir='ltr'><strong>alio</strong></span> <span class='ocrx_word' id='word_1_132' title='bbox 2010 2195 2199 2240; x_wconf 85' lang='lat' dir='ltr'><strong>ramo</strong></span> <span class='ocrx_word' id='word_1_133' title='bbox 2232 2171 2551 2256; x_wconf 88' lang='lat' dir='ltr'><strong>nucibus,</strong></span> <span class='ocrx_word' id='word_1_134' title='bbox 2586 2171 2721 2242; x_wconf 84' lang='lat' dir='ltr'><strong>alio</strong></span> <span class='ocrx_word' id='word_1_135' title='bbox 2758 2171 2906 2240; x_wconf 77' lang='lat' dir='ltr'><strong>bac-</strong></span> 
     </span>
     <span class='ocr_line' id='line_1_19' title="bbox 774 2276 2905 2377; baseline 0 -32"><span class='ocrx_word' id='word_1_136' title='bbox 774 2280 898 2365; x_wconf 76' lang='lat' dir='ltr'><strong>ciS‚</strong></span> <span class='ocrx_word' id='word_1_137' title='bbox 936 2277 1202 2349; x_wconf 88' lang='lat' dir='ltr'><strong>aliunde</strong></span> <span class='ocrx_word' id='word_1_138' title='bbox 1249 2279 1420 2360; x_wconf 82' lang='lat' dir='ltr'><strong>vite,</strong></span> <span class='ocrx_word' id='word_1_139' title='bbox 1479 2278 1659 2364; x_wconf 83' lang='lat' dir='ltr'><strong>ficis,</strong></span> <span class='ocrx_word' id='word_1_140' title='bbox 1705 2278 1904 2372; x_wconf 64' lang='lat' dir='ltr'><strong>puiS,</strong></span> <span class='ocrx_word' id='word_1_141' title='bbox 1958 2280 2254 2377; x_wconf 87' lang='lat' dir='ltr'><strong>punicis,</strong></span> <span class='ocrx_word' id='word_1_142' title='bbox 2302 2276 2761 2372; x_wconf 83' lang='lat' dir='ltr'><strong>malorumque</strong></span> <span class='ocrx_word' id='word_1_143' title='bbox 2806 2303 2905 2372; x_wconf 87' lang='lat' dir='ltr'><strong>ge-</strong></span> 
     </span>
     <span class='ocr_line' id='line_1_20' title="bbox 771 2373 2898 2454; baseline 0.002 -4"><span class='ocrx_word' id='word_1_144' title='bbox 771 2384 1057 2452; x_wconf 86' lang='lat' dir='ltr'><strong>neribus.</strong></span> <span class='ocrx_word' id='word_1_145' title='bbox 1124 2383 1254 2452; x_wconf 89' lang='lat' dir='ltr'><strong>Sed</strong></span> <span class='ocrx_word' id='word_1_146' title='bbox 1303 2373 1460 2450; x_wconf 82' lang='lat' dir='ltr'><strong>huic</strong></span> <span class='ocrx_word' id='word_1_147' title='bbox 1507 2376 1728 2453; x_wconf 85' lang='lat' dir='ltr'><strong>brevis</strong></span> <span class='ocrx_word' id='word_1_148' title='bbox 1781 2383 1906 2452; x_wconf 85' lang='lat' dir='ltr'><strong>fuit</strong></span> <span class='ocrx_word' id='word_1_149' title='bbox 1946 2385 2104 2452; x_wconf 88' lang='lat' dir='ltr'><strong>vita.</strong></span> <span class='ocrx_word' id='word_1_150' title='bbox 2160 2383 2303 2453; x_wconf 88' lang='lat' dir='ltr'><strong>Nec</strong></span> <span class='ocrx_word' id='word_1_151' title='bbox 2350 2398 2571 2453; x_wconf 84' lang='lat' dir='ltr'><strong>tamen</strong></span> <span class='ocrx_word' id='word_1_152' title='bbox 2630 2409 2898 2454; x_wconf 86' lang='lat' dir='ltr'><strong>omnem</strong></span> 
     </span>
     <span class='ocr_line' id='line_1_21' title="bbox 769 2488 2900 2584; baseline -0.001 -24"><span class='ocrx_word' id='word_1_153' title='bbox 769 2491 1234 2583; x_wconf 81' lang='lat' dir='ltr'><strong>experimentis</strong></span> <span class='ocrx_word' id='word_1_154' title='bbox 1275 2491 1532 2583; x_wconf 73' lang='lat' dir='ltr'><strong>assequi</strong></span> <span class='ocrx_word' id='word_1_155' title='bbox 1569 2504 1878 2558; x_wconf 84' lang='lat' dir='ltr'><strong>naturam</strong></span> <span class='ocrx_word' id='word_1_156' title='bbox 1930 2514 2299 2584; x_wconf 88' lang='lat' dir='ltr'><strong>possumus.</strong></span> <span class='ocrx_word' id='word_1_157' title='bbox 2358 2488 2685 2579; x_wconf 69' lang='lat' dir='ltr'><strong>Quaedam</strong></span> <span class='ocrx_word' id='word_1_158' title='bbox 2728 2493 2900 2559; x_wconf 86' lang='lat' dir='ltr'><strong>enim</strong></span> 
     </span>
    </p>
   </div>
   <div class='ocr_carea' id='block_1_7' title="bbox 756 2670 1789 4250">
    <p class='ocr_par' dir='ltr' id='par_1_9' title="bbox 767 2670 1789 3043">
     <span class='ocr_line' id='line_1_22' title="bbox 767 2670 1789 2733; baseline 0 -10"><span class='ocrx_word' id='word_1_159' title='bbox 767 2684 946 2724; x_wconf 83' lang='lat' dir='ltr'><strong>cortex</strong></span> <span class='ocrx_word' id='word_1_160' title='bbox 957 2670 1229 2733; x_wconf 79' lang='lat' dir='ltr'><strong>eximitur,</strong></span> <span class='ocrx_word' id='word_1_161' title='bbox 1243 2670 1368 2722; x_wconf 89' lang='lat' dir='ltr'><strong>inde</strong></span> <span class='ocrx_word' id='word_1_162' title='bbox 1385 2671 1528 2725; x_wconf 86' lang='lat' dir='ltr'><strong>Galli</strong></span> <span class='ocrx_word' id='word_1_163' title='bbox 1551 2671 1789 2723; x_wconf 83' lang='lat' dir='ltr'><strong>insitioni</strong></span> 
     </span>
     <span class='ocr_line' id='line_1_23' title="bbox 768 2750 1789 2821; baseline -0.002 -17"><span class='ocrx_word' id='word_1_164' title='bbox 768 2751 896 2805; x_wconf 81' lang='lat' dir='ltr'><strong>huie</strong></span> <span class='ocrx_word' id='word_1_165' title='bbox 915 2751 1322 2809; x_wconf 71' lang='lat' dir='ltr'><strong>nomenfecere.</strong></span> <span class='ocrx_word' id='word_1_166' title='bbox 1348 2750 1510 2815; x_wconf 88' lang='lat' dir='ltr'><strong>Quod</strong></span> <span class='ocrx_word' id='word_1_167' title='bbox 1522 2750 1580 2803; x_wconf 85' lang='lat' dir='ltr'><strong>id</strong></span> <span class='ocrx_word' id='word_1_168' title='bbox 1593 2751 1789 2821; x_wconf 84' lang='lat' dir='ltr'><strong>ipsum,</strong></span> 
     </span>
     <span class='ocr_line' id='line_1_24' title="bbox 767 2828 1785 2901; baseline -0.001 -18"><span class='ocrx_word' id='word_1_169' title='bbox 767 2828 914 2901; x_wconf 79' lang='lat' dir='ltr'><strong>quod</strong></span> <span class='ocrx_word' id='word_1_170' title='bbox 952 2829 1224 2893; x_wconf 77' lang='lat' dir='ltr'><strong>inseritur,</strong></span> <span class='ocrx_word' id='word_1_171' title='bbox 1251 2830 1412 2883; x_wconf 83' lang='lat' dir='ltr'><strong>veluti</strong></span> <span class='ocrx_word' id='word_1_172' title='bbox 1437 2830 1785 2901; x_wconf 67' lang='lat' dir='ltr'><strong>emplastrum</strong></span> 
     </span>
     <span class='ocr_line' id='line_1_25' title="bbox 767 2907 1785 2981; baseline 0.003 -22"><span class='ocrx_word' id='word_1_173' title='bbox 767 2908 1040 2981; x_wconf 77' lang='lat' dir='ltr'><strong>quoddam</strong></span> <span class='ocrx_word' id='word_1_174' title='bbox 1061 2922 1172 2971; x_wconf 80' lang='lat' dir='ltr'><strong>eet,</strong></span> <span class='ocrx_word' id='word_1_175' title='bbox 1201 2907 1326 2961; x_wconf 87' lang='lat' dir='ltr'><strong>inde</strong></span> <span class='ocrx_word' id='word_1_176' title='bbox 1353 2910 1554 2962; x_wconf 83' lang='lat' dir='ltr'><strong>Latinis</strong></span> <span class='ocrx_word' id='word_1_177' title='bbox 1584 2910 1785 2981; x_wconf 87' lang='lat' dir='ltr'><strong>empla-</strong></span> 
     </span>
     <span class='ocr_line' id='line_1_26' title="bbox 771 2987 1462 3043; baseline 0 -2"><span class='ocrx_word' id='word_1_178' title='bbox 771 2990 957 3043; x_wconf 74' lang='lat' dir='ltr'><strong>stratio</strong></span> <span class='ocrx_word' id='word_1_179' title='bbox 980 2987 1120 3042; x_wconf 85' lang='lat' dir='ltr'><strong>dicta</strong></span> <span class='ocrx_word' id='word_1_180' title='bbox 1147 3001 1240 3043; x_wconf 85' lang='lat' dir='ltr'><strong>est.</strong></span> <span class='ocrx_word' id='word_1_181' title='bbox 1280 2990 1462 3041; x_wconf 72' lang='lat' dir='ltr'><strong>Banu.</strong></span> 
     </span>
    </p>

    <p class='ocr_par' dir='ltr' id='par_1_10' title="bbox 769 3068 1789 3453">
     <span class='ocr_line' id='line_1_27' title="bbox 879 3068 1782 3137; baseline -0.001 -16"><span class='ocrx_word' id='word_1_182' title='bbox 879 3069 932 3121; x_wconf 85' lang='lat'><strong>3.</strong></span> <span class='ocrx_word' id='word_1_183' title='bbox 991 3068 1116 3122; x_wconf 67' lang='lat' dir='ltr'><strong>Cum</strong></span> <span class='ocrx_word' id='word_1_184' title='bbox 1165 3072 1240 3121; x_wconf 77' lang='lat' dir='ltr'><strong>sui</strong></span> <span class='ocrx_word' id='word_1_185' title='bbox 1287 3071 1513 3137; x_wconf 70' lang='lat' dir='ltr'><strong>geminis</strong></span> <span class='ocrx_word' id='word_1_186' title='bbox 1561 3087 1782 3121; x_wconf 73' lang='lat' dir='ltr'><strong>mamma.</strong></span> 
     </span>
     <span class='ocr_line' id='line_1_28' title="bbox 771 3146 1787 3219; baseline -0.001 -18"><span class='ocrx_word' id='word_1_187' title='bbox 771 3150 1016 3201; x_wconf 68' lang='lat' dir='ltr'><strong>Mammas</strong></span> <span class='ocrx_word' id='word_1_188' title='bbox 1033 3148 1390 3219; x_wconf 75' lang='lat' dir='ltr'><strong>appellatione</strong></span> <span class='ocrx_word' id='word_1_189' title='bbox 1409 3166 1626 3218; x_wconf 81' lang='lat' dir='ltr'><strong>parvam</strong></span> <span class='ocrx_word' id='word_1_190' title='bbox 1641 3146 1787 3200; x_wconf 81' lang='lat' dir='ltr'><strong>illam</strong></span> 
     </span>
     <span class='ocr_line' id='line_1_29' title="bbox 769 3228 1788 3298; baseline 0 -19"><span class='ocrx_word' id='word_1_191' title='bbox 769 3228 986 3281; x_wconf 74' lang='lat' dir='ltr'><strong>corticis</strong></span> <span class='ocrx_word' id='word_1_192' title='bbox 1047 3228 1443 3283; x_wconf 77' lang='lat' dir='ltr'><strong>exuberantiam</strong></span> <span class='ocrx_word' id='word_1_193' title='bbox 1513 3228 1753 3298; x_wconf 76' lang='lat' dir='ltr'><strong>intelligo</strong></span> <span class='ocrx_word' id='word_1_194' title='bbox 1772 3268 1788 3292; x_wconf 81' lang='grc'><em>,</em></span> 
     </span>
     <span class='ocr_line' id='line_1_30' title="bbox 771 3305 1789 3379; baseline 0.002 -21"><span class='ocrx_word' id='word_1_195' title='bbox 771 3305 912 3359; x_wconf 81' lang='lat' dir='ltr'><strong>unde</strong></span> <span class='ocrx_word' id='word_1_196' title='bbox 957 3308 1191 3377; x_wconf 84' lang='lat' dir='ltr'><strong>primum</strong></span> <span class='ocrx_word' id='word_1_197' title='bbox 1231 3308 1367 3360; x_wconf 77' lang='lat' dir='ltr'><strong>rami</strong></span> <span class='ocrx_word' id='word_1_198' title='bbox 1415 3307 1697 3379; x_wconf 68' lang='lat' dir='ltr'><strong>prosiliunt</strong></span> <span class='ocrx_word' id='word_1_199' title='bbox 1730 3326 1789 3361; x_wconf 82' lang='lat' dir='ltr'><strong>ac</strong></span> 
     </span>
     <span class='ocr_line' id='line_1_31' title="bbox 769 3385 1230 3453; baseline 0.004 -16"><span class='ocrx_word' id='word_1_200' title='bbox 769 3386 1024 3453; x_wconf 77' lang='lat' dir='ltr'><strong>germina.</strong></span> <span class='ocrx_word' id='word_1_201' title='bbox 1047 3385 1230 3440; x_wconf 64' lang='lat' dir='ltr'><strong>Banu.</strong></span> 
     </span>
    </p>

    <p class='ocr_par' dir='ltr' id='par_1_11' title="bbox 767 3466 1789 3773">
     <span class='ocr_line' id='line_1_32' title="bbox 851 3466 1785 3530; baseline 0.001 -14"><span class='ocrx_word' id='word_1_202' title='bbox 851 3470 904 3525; x_wconf 74' lang='lat'><strong>4.</strong></span> <span class='ocrx_word' id='word_1_203' title='bbox 947 3466 1020 3515; x_wconf 72' lang='lat' dir='ltr'><strong>Et</strong></span> <span class='ocrx_word' id='word_1_204' title='bbox 1070 3468 1279 3519; x_wconf 71' lang='lat' dir='ltr'><strong>vinculo.</strong></span> <span class='ocrx_word' id='word_1_205' title='bbox 1315 3466 1484 3519; x_wconf 81' lang='lat' dir='ltr'><strong>Lineo</strong></span> <span class='ocrx_word' id='word_1_206' title='bbox 1501 3505 1516 3530; x_wconf 86' lang='lat'><strong><em>‚</em></strong></span> <span class='ocrx_word' id='word_1_207' title='bbox 1567 3466 1652 3518; x_wconf 78' lang='lat' dir='ltr'><strong>vel</strong></span> <span class='ocrx_word' id='word_1_208' title='bbox 1669 3504 1686 3530; x_wconf 93' lang='lat'><strong>,</strong></span> <span class='ocrx_word' id='word_1_209' title='bbox 1728 3477 1785 3519; x_wconf 81' lang='lat' dir='ltr'><strong>nt</strong></span> 
     </span>
     <span class='ocr_line' id='line_1_33' title="bbox 769 3544 1783 3616; baseline 0.001 -21"><span class='ocrx_word' id='word_1_210' title='bbox 769 3544 901 3595; x_wconf 84' lang='lat' dir='ltr'><strong>olim</strong></span> <span class='ocrx_word' id='word_1_211' title='bbox 945 3544 1174 3596; x_wconf 81' lang='lat' dir='ltr'><strong>vimineo</strong></span> <span class='ocrx_word' id='word_1_212' title='bbox 1205 3564 1222 3596; x_wconf 72' lang='grc' dir='ltr'><em>ε</em></span> <span class='ocrx_word' id='word_1_213' title='bbox 1259 3546 1342 3597; x_wconf 84' lang='lat' dir='ltr'><strong>vel</strong></span> <span class='ocrx_word' id='word_1_214' title='bbox 1369 3545 1482 3598; x_wconf 85' lang='lat' dir='ltr'><strong>tilia</strong></span> <span class='ocrx_word' id='word_1_215' title='bbox 1517 3545 1783 3616; x_wconf 86' lang='lat' dir='ltr'><strong>denique.</strong></span> 
     </span>
     <span class='ocr_line' id='line_1_34' title="bbox 769 3623 1789 3688; baseline 0.004 -15"><span class='ocrx_word' id='word_1_216' title='bbox 769 3638 888 3674; x_wconf 84' lang='lat' dir='ltr'><strong>uam</strong></span> <span class='ocrx_word' id='word_1_217' title='bbox 911 3634 966 3675; x_wconf 87' lang='lat' dir='ltr'><strong>et</strong></span> <span class='ocrx_word' id='word_1_218' title='bbox 985 3623 1140 3675; x_wconf 84' lang='lat' dir='ltr'><strong>etilia</strong></span> <span class='ocrx_word' id='word_1_219' title='bbox 1163 3624 1462 3688; x_wconf 82' lang='lat' dir='ltr'><strong>vincula,ut</strong></span> <span class='ocrx_word' id='word_1_220' title='bbox 1478 3623 1685 3679; x_wconf 83' lang='lat' dir='ltr'><strong>dictum</strong></span> <span class='ocrx_word' id='word_1_221' title='bbox 1712 3636 1789 3677; x_wconf 71' lang='lat' dir='ltr'><strong>eat</strong></span> 
     </span>
     <span class='ocr_line' id='line_1_35' title="bbox 767 3702 1713 3773; baseline 0.001 -21"><span class='ocrx_word' id='word_1_222' title='bbox 767 3702 906 3755; x_wconf 80' lang='lat' dir='ltr'><strong>libro</strong></span> <span class='ocrx_word' id='word_1_223' title='bbox 931 3702 1205 3772; x_wconf 77' lang='lat' dir='ltr'><strong>superiore</strong></span> <span class='ocrx_word' id='word_1_224' title='bbox 1231 3742 1245 3763; x_wconf 85' lang='lat'><strong>.</strong></span> <span class='ocrx_word' id='word_1_225' title='bbox 1277 3721 1393 3773; x_wconf 86' lang='lat' dir='ltr'><strong>cap.</strong></span> <span class='ocrx_word' id='word_1_226' title='bbox 1415 3704 1508 3756; x_wconf 73' lang='lat'><strong>25.</strong></span> <span class='ocrx_word' id='word_1_227' title='bbox 1531 3705 1713 3757; x_wconf 65' lang='lat' dir='ltr'><strong>uun.</strong></span> 
     </span>
    </p>

    <p class='ocr_par' dir='ltr' id='par_1_12' title="bbox 756 3782 1787 4250">
     <span class='ocr_line' id='line_1_36' title="bbox 849 3782 1787 3855; baseline 0.001 -22"><span class='ocrx_word' id='word_1_228' title='bbox 849 3787 900 3833; x_wconf 82' lang='lat'><strong>5.</strong></span> <span class='ocrx_word' id='word_1_229' title='bbox 952 3782 1108 3851; x_wconf 81' lang='lat' dir='ltr'><strong>Apud</strong></span> <span class='ocrx_word' id='word_1_230' title='bbox 1168 3782 1395 3833; x_wconf 73' lang='lat' dir='ltr'><strong>Catonem</strong></span> <span class='ocrx_word' id='word_1_231' title='bbox 1412 3820 1428 3846; x_wconf 85' lang='lat'><strong>,</strong></span> <span class='ocrx_word' id='word_1_232' title='bbox 1487 3786 1572 3855; x_wconf 76' lang='lat' dir='ltr'><strong>qui</strong></span> <span class='ocrx_word' id='word_1_233' title='bbox 1634 3782 1787 3834; x_wconf 70' lang='lat' dir='ltr'><strong>oham</strong></span> 
     </span>
     <span class='ocr_line' id='line_1_37' title="bbox 756 3861 1785 3931; baseline 0.004 -20"><span class='ocrx_word' id='word_1_234' title='bbox 756 3861 998 3931; x_wconf 73' lang='lat' dir='ltr'><strong>ficumque</strong></span> <span class='ocrx_word' id='word_1_235' title='bbox 1019 3864 1090 3912; x_wconf 71' lang='grc' dir='ltr'><strong>εἰσ</strong></span> <span class='ocrx_word' id='word_1_236' title='bbox 1111 3864 1272 3912; x_wconf 74' lang='lat' dir='ltr'><strong>inseri.</strong></span> <span class='ocrx_word' id='word_1_237' title='bbox 1298 3862 1427 3930; x_wconf 80' lang='lat' dir='ltr'><strong>Cap.</strong></span> <span class='ocrx_word' id='word_1_238' title='bbox 1453 3880 1591 3923; x_wconf 82' lang='lat' dir='ltr'><strong>xm,</strong></span> <span class='ocrx_word' id='word_1_239' title='bbox 1606 3879 1662 3931; x_wconf 83' lang='lat' dir='ltr'><strong>p.</strong></span> <span class='ocrx_word' id='word_1_240' title='bbox 1692 3863 1785 3915; x_wconf 83' lang='lat'><strong>36.</strong></span> 
     </span>
     <span class='ocr_line' id='line_1_38' title="bbox 757 3940 1783 3993; baseline 0 0"><span class='ocrx_word' id='word_1_241' title='bbox 757 3940 922 3993; x_wconf 63' lang='lat' dir='ltr'><strong>ficos</strong></span> <span class='ocrx_word' id='word_1_242' title='bbox 941 3953 997 3992; x_wconf 81' lang='lat' dir='ltr'><strong>et</strong></span> <span class='ocrx_word' id='word_1_243' title='bbox 1009 3942 1152 3993; x_wconf 73' lang='lat' dir='ltr'><strong>oleas</strong></span> <span class='ocrx_word' id='word_1_244' title='bbox 1166 3941 1330 3993; x_wconf 81' lang='lat' dir='ltr'><strong>altero</strong></span> <span class='ocrx_word' id='word_1_245' title='bbox 1353 3940 1514 3993; x_wconf 85' lang='lat' dir='ltr'><strong>modo</strong></span> <span class='ocrx_word' id='word_1_246' title='bbox 1539 3941 1783 3993; x_wconf 68' lang='lat' dir='ltr'><strong>interito:</strong></span> 
     </span>
     <span class='ocr_line' id='line_1_39' title="bbox 773 4018 1779 4091; baseline 0 -18"><span class='ocrx_word' id='word_1_247' title='bbox 773 4046 793 4067; x_wconf 79' lang='grc' dir='ltr'><strong><em>ο</em></strong></span> <span class='ocrx_word' id='word_1_248' title='bbox 809 4018 974 4085; x_wconf 87' lang='lat' dir='ltr'><strong>Quod</strong></span> <span class='ocrx_word' id='word_1_249' title='bbox 997 4038 1162 4091; x_wconf 74' lang='lat' dir='ltr'><strong>genua</strong></span> <span class='ocrx_word' id='word_1_250' title='bbox 1185 4031 1274 4072; x_wconf 85' lang='lat' dir='ltr'><strong>aut</strong></span> <span class='ocrx_word' id='word_1_251' title='bbox 1288 4018 1452 4072; x_wconf 53' lang='lat' dir='ltr'><strong>&gt;ficum</strong></span> <span class='ocrx_word' id='word_1_252' title='bbox 1466 4058 1481 4083; x_wconf 86' lang='lat'>‚</span> <span class='ocrx_word' id='word_1_253' title='bbox 1500 4034 1590 4073; x_wconf 83' lang='lat' dir='ltr'><strong>aut</strong></span> <span class='ocrx_word' id='word_1_254' title='bbox 1610 4022 1779 4073; x_wconf 81' lang='lat' dir='ltr'><strong>oleam</strong></span> 
     </span>
     <span class='ocr_line' id='line_1_40' title="bbox 767 4099 1779 4171; baseline 0 -20"><span class='ocrx_word' id='word_1_255' title='bbox 767 4118 875 4152; x_wconf 72' lang='lat' dir='ltr'><strong>esse</strong></span> <span class='ocrx_word' id='word_1_256' title='bbox 929 4101 1102 4163; x_wconf 80' lang='lat' dir='ltr'><strong>voles,</strong></span> <span class='ocrx_word' id='word_1_257' title='bbox 1163 4099 1288 4153; x_wconf 81' lang='lat' dir='ltr'><strong>inde</strong></span> <span class='ocrx_word' id='word_1_258' title='bbox 1331 4100 1526 4153; x_wconf 77' lang='lat' dir='ltr'><strong>librum</strong></span> <span class='ocrx_word' id='word_1_259' title='bbox 1571 4101 1779 4171; x_wconf 66' lang='lat' dir='ltr'><strong>scalpro</strong></span> 
     </span>
     <span class='ocr_line' id='line_1_41' title="bbox 768 4180 1775 4250; baseline 0.003 -20"><span class='ocrx_word' id='word_1_260' title='bbox 768 4180 1014 4232; x_wconf 80' lang='lat' dir='ltr'><strong>eximito:</strong></span> <span class='ocrx_word' id='word_1_261' title='bbox 1039 4183 1262 4233; x_wconf 79' lang='lat' dir='ltr'><strong>alterum</strong></span> <span class='ocrx_word' id='word_1_262' title='bbox 1277 4180 1471 4235; x_wconf 85' lang='lat' dir='ltr'><strong>librum</strong></span> <span class='ocrx_word' id='word_1_263' title='bbox 1487 4200 1609 4233; x_wconf 85' lang='lat' dir='ltr'><strong>cum</strong></span> <span class='ocrx_word' id='word_1_264' title='bbox 1632 4198 1775 4250; x_wconf 78' lang='lat' dir='ltr'><strong>gem-</strong></span> 
     </span>
    </p>
   </div>
   <div class='ocr_carea' id='block_1_8' title="bbox 1872 2670 2905 4153">
    <p class='ocr_par' dir='ltr' id='par_1_13' title="bbox 1875 2670 2905 3377">
     <span class='ocr_line' id='line_1_42' title="bbox 1878 2670 2905 2745; baseline 0.003 -22"><span class='ocrx_word' id='word_1_265' title='bbox 1878 2690 1965 2723; x_wconf 81' lang='lat' dir='ltr'><strong>ma</strong></span> <span class='ocrx_word' id='word_1_266' title='bbox 1993 2670 2063 2723; x_wconf 87' lang='lat' dir='ltr'><strong>de</strong></span> <span class='ocrx_word' id='word_1_267' title='bbox 2092 2686 2159 2723; x_wconf 69' lang='lat' dir='ltr'><strong>eo</strong></span> <span class='ocrx_word' id='word_1_268' title='bbox 2207 2671 2338 2736; x_wconf 78' lang='lat' dir='ltr'><strong>fico,</strong></span> <span class='ocrx_word' id='word_1_269' title='bbox 2381 2670 2527 2743; x_wconf 75' lang='lat' dir='ltr'><strong>quod</strong></span> <span class='ocrx_word' id='word_1_270' title='bbox 2572 2690 2747 2745; x_wconf 69' lang='lat' dir='ltr'><strong>genua</strong></span> <span class='ocrx_word' id='word_1_271' title='bbox 2796 2692 2905 2726; x_wconf 66' lang='lat' dir='ltr'><strong>eme</strong></span> 
     </span>
     <span class='ocr_line' id='line_1_43' title="bbox 1878 2750 2903 2821; baseline 0.003 -19"><span class='ocrx_word' id='word_1_272' title='bbox 1878 2752 2050 2816; x_wconf 70' lang='lat' dir='ltr'><strong>voles,</strong></span> <span class='ocrx_word' id='word_1_273' title='bbox 2081 2750 2299 2803; x_wconf 82' lang='lat' dir='ltr'><strong>eximito</strong></span> <span class='ocrx_word' id='word_1_274' title='bbox 2330 2769 2346 2803; x_wconf 74' lang='grc' dir='ltr'><strong>ε</strong></span> <span class='ocrx_word' id='word_1_275' title='bbox 2385 2752 2643 2821; x_wconf 79' lang='lat' dir='ltr'><strong>apponite</strong></span> <span class='ocrx_word' id='word_1_276' title='bbox 2680 2752 2739 2804; x_wconf 83' lang='lat' dir='ltr'><strong>in</strong></span> <span class='ocrx_word' id='word_1_277' title='bbox 2780 2770 2903 2805; x_wconf 84' lang='lat' dir='ltr'><strong>eum</strong></span> 
     </span>
     <span class='ocr_line' id='line_1_44' title="bbox 1880 2829 2904 2894; baseline 0.003 -12"><span class='ocrx_word' id='word_1_278' title='bbox 1880 2831 2055 2883; x_wconf 79' lang='lat' dir='ltr'><strong>locum</strong></span> <span class='ocrx_word' id='word_1_279' title='bbox 2072 2829 2247 2894; x_wconf 85' lang='lat' dir='ltr'><strong>,unde</strong></span> <span class='ocrx_word' id='word_1_280' title='bbox 2258 2831 2575 2884; x_wconf 73' lang='lat' dir='ltr'><strong>enecaveria</strong></span> <span class='ocrx_word' id='word_1_281' title='bbox 2598 2832 2655 2883; x_wconf 86' lang='lat' dir='ltr'><strong>in</strong></span> <span class='ocrx_word' id='word_1_282' title='bbox 2681 2832 2904 2885; x_wconf 81' lang='lat' dir='ltr'><strong>alterum</strong></span> 
     </span>
     <span class='ocr_line' id='line_1_45' title="bbox 1876 2910 2905 2981; baseline 0.002 -18"><span class='ocrx_word' id='word_1_283' title='bbox 1876 2928 2066 2981; x_wconf 75' lang='lat' dir='ltr'><strong>genus,</strong></span> <span class='ocrx_word' id='word_1_284' title='bbox 2092 2910 2363 2981; x_wconf 77' lang='lat' dir='ltr'><strong>facitoque</strong></span> <span class='ocrx_word' id='word_1_285' title='bbox 2386 2910 2465 2962; x_wconf 86' lang='lat' dir='ltr'><strong>uti</strong></span> <span class='ocrx_word' id='word_1_286' title='bbox 2490 2913 2796 2965; x_wconf 68' lang='lat' dir='ltr'><strong>conveniat.</strong></span> <span class='ocrx_word' id='word_1_287' title='bbox 2818 2913 2905 2965; x_wconf 77' lang='lat' dir='ltr'><strong>Li-</strong></span> 
     </span>
     <span class='ocr_line' id='line_1_46' title="bbox 1878 2986 2899 3060; baseline 0.002 -19"><span class='ocrx_word' id='word_1_288' title='bbox 1878 2991 2037 3041; x_wconf 77' lang='lat' dir='ltr'><strong>brum</strong></span> <span class='ocrx_word' id='word_1_289' title='bbox 2070 2991 2289 3060; x_wconf 75' lang='lat' dir='ltr'><strong>longum</strong></span> <span class='ocrx_word' id='word_1_290' title='bbox 2322 2990 2483 3043; x_wconf 76' lang='lat' dir='ltr'><strong>facito</strong></span> <span class='ocrx_word' id='word_1_291' title='bbox 2512 2986 2712 3059; x_wconf 71' lang='lat' dir='ltr'><strong>digitos</strong></span> <span class='ocrx_word' id='word_1_292' title='bbox 2732 2992 2834 3045; x_wconf 88' lang='lat'><strong>111.</strong></span> <span class='ocrx_word' id='word_1_293' title='bbox 2850 2994 2899 3045; x_wconf 88' lang='lat' dir='ltr'><strong>S.</strong></span> 
     </span>
     <span class='ocr_line' id='line_1_47' title="bbox 1875 3064 2903 3141; baseline 0.001 -20"><span class='ocrx_word' id='word_1_294' title='bbox 1875 3064 1896 3129; x_wconf 90' lang='lat'><strong>(</strong></span> <span class='ocrx_word' id='word_1_295' title='bbox 1910 3070 2027 3122; x_wconf 79' lang='lat' dir='ltr'><strong>Hoc</strong></span> <span class='ocrx_word' id='word_1_296' title='bbox 2052 3082 2157 3129; x_wconf 74' lang='lat' dir='ltr'><strong>est..</strong></span> <span class='ocrx_word' id='word_1_297' title='bbox 2172 3081 2279 3122; x_wconf 78' lang='lat' dir='ltr'><strong>tres</strong></span> <span class='ocrx_word' id='word_1_298' title='bbox 2294 3082 2347 3123; x_wconf 88' lang='lat' dir='ltr'><strong>et</strong></span> <span class='ocrx_word' id='word_1_299' title='bbox 2358 3069 2530 3121; x_wconf 75' lang='lat' dir='ltr'><strong>semis.</strong></span> <span class='ocrx_word' id='word_1_300' title='bbox 2546 3069 2761 3124; x_wconf 77' lang='lat' dir='ltr'><strong>Plinius</strong></span> <span class='ocrx_word' id='word_1_301' title='bbox 2784 3090 2903 3141; x_wconf 76' lang='lat' dir='ltr'><strong>qua·</strong></span> 
     </span>
     <span class='ocr_line' id='line_1_48' title="bbox 1878 3147 2904 3222; baseline 0.003 -21"><span class='ocrx_word' id='word_1_302' title='bbox 1878 3161 2001 3201; x_wconf 85' lang='lat' dir='ltr'><strong>tuor</strong></span> <span class='ocrx_word' id='word_1_303' title='bbox 2028 3147 2228 3202; x_wconf 73' lang='lat' dir='ltr'><strong>solidos</strong></span> <span class='ocrx_word' id='word_1_304' title='bbox 2258 3148 2397 3201; x_wconf 81' lang='lat' dir='ltr'><strong>dixit</strong></span> <span class='ocrx_word' id='word_1_305' title='bbox 2421 3166 2435 3200; x_wconf 75' lang='grc' dir='ltr'><em>τ</em></span> <span class='ocrx_word' id='word_1_306' title='bbox 2462 3147 2485 3211; x_wconf 93' lang='grc'>)</span> <span class='ocrx_word' id='word_1_307' title='bbox 2512 3149 2681 3201; x_wconf 81' lang='lat' dir='ltr'><strong>latum</strong></span> <span class='ocrx_word' id='word_1_308' title='bbox 2710 3150 2904 3222; x_wconf 79' lang='lat' dir='ltr'><strong>digitos</strong></span> 
     </span>
     <span class='ocr_line' id='line_1_49' title="bbox 1878 3224 2903 3293; baseline 0.001 -12"><span class='ocrx_word' id='word_1_309' title='bbox 1878 3241 2022 3281; x_wconf 80' lang='lat' dir='ltr'><strong>tres:</strong></span> <span class='ocrx_word' id='word_1_310' title='bbox 2057 3224 2123 3280; x_wconf 87' lang='lat' dir='ltr'><strong>ad</strong></span> <span class='ocrx_word' id='word_1_311' title='bbox 2138 3226 2386 3280; x_wconf 76' lang='lat' dir='ltr'><strong>eumdem</strong></span> <span class='ocrx_word' id='word_1_312' title='bbox 2406 3226 2631 3280; x_wconf 79' lang='lat' dir='ltr'><strong>modum</strong></span> <span class='ocrx_word' id='word_1_313' title='bbox 2654 3230 2903 3293; x_wconf 77' lang='lat' dir='ltr'><strong>oblinito,</strong></span> 
     </span>
     <span class='ocr_line' id='line_1_50' title="bbox 1877 3306 2745 3377; baseline 0.004 -19"><span class='ocrx_word' id='word_1_314' title='bbox 1877 3306 2139 3377; x_wconf 71' lang='lat' dir='ltr'><strong>integito·</strong></span> <span class='ocrx_word' id='word_1_315' title='bbox 2164 3308 2243 3360; x_wconf 86' lang='lat' dir='ltr'><strong>uti</strong></span> <span class='ocrx_word' id='word_1_316' title='bbox 2266 3320 2469 3361; x_wconf 59' lang='lat' dir='ltr'><strong>catera.</strong></span> <span class='ocrx_word' id='word_1_317' title='bbox 2508 3306 2745 3361; x_wconf 72' lang='lat' dir='ltr'><strong>»num</strong></span> 
     </span>
    </p>

    <p class='ocr_par' dir='ltr' id='par_1_14' title="bbox 1877 3386 2899 3537">
     <span class='ocr_line' id='line_1_51' title="bbox 1957 3386 2899 3458; baseline 0 -19"><span class='ocrx_word' id='word_1_318' title='bbox 1957 3390 2013 3439; x_wconf 83' lang='lat'><strong>6.</strong></span> <span class='ocrx_word' id='word_1_319' title='bbox 2044 3386 2145 3438; x_wconf 73' lang='lat' dir='ltr'><strong>Illa</strong></span> <span class='ocrx_word' id='word_1_320' title='bbox 2164 3404 2251 3438; x_wconf 74' lang='lat' dir='ltr'><strong>sua</strong></span> <span class='ocrx_word' id='word_1_321' title='bbox 2274 3390 2459 3439; x_wconf 71' lang='lat' dir='ltr'><strong>intuta.</strong></span> <span class='ocrx_word' id='word_1_322' title='bbox 2490 3387 2630 3440; x_wconf 85' lang='lat' dir='ltr'><strong>Luto</strong></span> <span class='ocrx_word' id='word_1_323' title='bbox 2658 3391 2899 3458; x_wconf 78' lang='lat' dir='ltr'><strong>paleato,</strong></span> 
     </span>
     <span class='ocr_line' id='line_1_52' title="bbox 1877 3452 2807 3537; baseline 0.002 -20"><span class='ocrx_word' id='word_1_324' title='bbox 1877 3466 1953 3517; x_wconf 86' lang='lat' dir='ltr'><strong>uti</strong></span> <span class='ocrx_word' id='word_1_325' title='bbox 1978 3452 2183 3518; x_wconf 75' lang='lat' dir='ltr'><strong>Plinius</strong></span> <span class='ocrx_word' id='word_1_326' title='bbox 2206 3466 2318 3537; x_wconf 79' lang='lat' dir='ltr'><strong>ipee</strong></span> <span class='ocrx_word' id='word_1_327' title='bbox 2340 3468 2443 3530; x_wconf 85' lang='lat' dir='ltr'><strong>ait,</strong></span> <span class='ocrx_word' id='word_1_328' title='bbox 2470 3482 2587 3537; x_wconf 82' lang='lat' dir='ltr'><strong>cap.</strong></span> <span class='ocrx_word' id='word_1_329' title='bbox 2620 3467 2807 3531; x_wconf 59' lang='lat'><strong>2411.</strong></span> 
     </span>
    </p>

    <p class='ocr_par' dir='ltr' id='par_1_15' title="bbox 1872 3506 2905 4092">
     <span class='ocr_line' id='line_1_53' title="bbox 1958 3506 2905 3615; baseline 0.004 -21"><span class='ocrx_word' id='word_1_330' title='bbox 1958 3564 2014 3613; x_wconf 89' lang='lat'><strong>7.</strong></span> <span class='ocrx_word' id='word_1_331' title='bbox 2051 3544 2289 3599; x_wconf 58' lang='grc' dir='ltr'><strong>Μίκωνα</strong></span> <span class='ocrx_word' id='word_1_332' title='bbox 2328 3506 2577 3615; x_wconf 69' lang='lat' dir='ltr'><strong>fissio-m.</strong></span> <span class='ocrx_word' id='word_1_333' title='bbox 2628 3548 2784 3600; x_wconf 73' lang='lat' dir='ltr'><strong>Vite·</strong></span> <span class='ocrx_word' id='word_1_334' title='bbox 2834 3548 2905 3599; x_wconf 86' lang='lat' dir='ltr'><strong>in·</strong></span> 
     </span>
     <span class='ocr_line' id='line_1_54' title="bbox 1875 3625 2902 3697; baseline 0.001 -21"><span class='ocrx_word' id='word_1_335' title='bbox 1875 3640 2085 3677; x_wconf 73' lang='lat' dir='ltr'><strong>seruere</strong></span> <span class='ocrx_word' id='word_1_336' title='bbox 2136 3626 2345 3695; x_wconf 73' lang='lat' dir='ltr'><strong>gemina</strong></span> <span class='ocrx_word' id='word_1_337' title='bbox 2398 3625 2605 3679; x_wconf 80' lang='lat' dir='ltr'><strong>ratione</strong></span> <span class='ocrx_word' id='word_1_338' title='bbox 2653 3643 2668 3678; x_wconf 73' lang='lat' dir='ltr'><strong>t</strong></span> <span class='ocrx_word' id='word_1_339' title='bbox 2724 3628 2902 3697; x_wconf 77' lang='lat' dir='ltr'><strong>primo</strong></span> 
     </span>
     <span class='ocr_line' id='line_1_55' title="bbox 1874 3702 2899 3768; baseline 0.002 -13"><span class='ocrx_word' id='word_1_340' title='bbox 1874 3702 1997 3755; x_wconf 72' lang='lat' dir='ltr'><strong>fiseo</strong></span> <span class='ocrx_word' id='word_1_341' title='bbox 2028 3705 2225 3756; x_wconf 77' lang='lat' dir='ltr'><strong>cortice</strong></span> <span class='ocrx_word' id='word_1_342' title='bbox 2266 3706 2323 3756; x_wconf 87' lang='lat' dir='ltr'><strong>in</strong></span> <span class='ocrx_word' id='word_1_343' title='bbox 2368 3703 2586 3757; x_wconf 68' lang='lat' dir='ltr'><strong>tessella</strong></span> <span class='ocrx_word' id='word_1_344' title='bbox 2638 3704 2861 3759; x_wconf 75' lang='lat' dir='ltr'><strong>modum</strong></span> <span class='ocrx_word' id='word_1_345' title='bbox 2886 3745 2899 3768; x_wconf 81' lang='lat'>‚</span> 
     </span>
     <span class='ocr_line' id='line_1_56' title="bbox 1875 3783 2897 3856; baseline 0.002 -23"><span class='ocrx_word' id='word_1_346' title='bbox 1875 3801 1992 3853; x_wconf 69' lang='lat' dir='ltr'><strong>quie</strong></span> <span class='ocrx_word' id='word_1_347' title='bbox 2016 3783 2375 3853; x_wconf 80' lang='lat' dir='ltr'><strong>emplastratio</strong></span> <span class='ocrx_word' id='word_1_348' title='bbox 2404 3795 2483 3837; x_wconf 77' lang='lat' dir='ltr'><strong>eat</strong></span> <span class='ocrx_word' id='word_1_349' title='bbox 2514 3801 2527 3833; x_wconf 71' lang='grc' dir='ltr'><em>τ</em></span> <span class='ocrx_word' id='word_1_350' title='bbox 2556 3797 2612 3835; x_wconf 87' lang='lat' dir='ltr'><strong>et</strong></span> <span class='ocrx_word' id='word_1_351' title='bbox 2644 3797 2897 3856; x_wconf 68' lang='lat' dir='ltr'><strong>praterea</strong></span> 
     </span>
     <span class='ocr_line' id='line_1_57' title="bbox 1876 3862 2898 3934; baseline 0 -20"><span class='ocrx_word' id='word_1_352' title='bbox 1876 3862 2147 3915; x_wconf 80' lang='lat' dir='ltr'><strong>terebrato</strong></span> <span class='ocrx_word' id='word_1_353' title='bbox 2176 3864 2351 3916; x_wconf 55' lang='lat' dir='ltr'><strong>&amp;unci</strong></span> <span class='ocrx_word' id='word_1_354' title='bbox 2367 3864 2558 3926; x_wconf 80' lang='lat' dir='ltr'><strong>latere,</strong></span> <span class='ocrx_word' id='word_1_355' title='bbox 2584 3863 2898 3934; x_wconf 75' lang='lat' dir='ltr'><strong>insen-toque</strong></span> 
     </span>
     <span class='ocr_line' id='line_1_58' title="bbox 1874 3942 2896 4013; baseline 0 -21"><span class='ocrx_word' id='word_1_356' title='bbox 1874 3942 2113 4006; x_wconf 71' lang='lat' dir='ltr'><strong>ain-culo,</strong></span> <span class='ocrx_word' id='word_1_357' title='bbox 2138 3943 2231 4013; x_wconf 84' lang='lat' dir='ltr'><strong>qui</strong></span> <span class='ocrx_word' id='word_1_358' title='bbox 2250 3942 2453 3995; x_wconf 67' lang='lat' dir='ltr'><strong>Gracia</strong></span> <span class='ocrx_word' id='word_1_359' title='bbox 2468 3944 2839 4013; x_wconf 72' lang='grc' dir='ltr'><strong>δγκεντρωμὸς,</strong></span> <span class='ocrx_word' id='word_1_360' title='bbox 2869 3958 2896 3992; x_wconf 81' lang='lat' dir='ltr'><strong>a</strong></span> 
     </span>
     <span class='ocr_line' id='line_1_59' title="bbox 1872 4022 2753 4092; baseline 0 -19"><span class='ocrx_word' id='word_1_361' title='bbox 1872 4022 2027 4075; x_wconf 78' lang='lat' dir='ltr'><strong>nobie</strong></span> <span class='ocrx_word' id='word_1_362' title='bbox 2050 4040 2168 4091; x_wconf 76' lang='lat' dir='ltr'><strong>sup.</strong></span> <span class='ocrx_word' id='word_1_363' title='bbox 2196 4040 2313 4092; x_wconf 84' lang='lat' dir='ltr'><strong>cap.</strong></span> <span class='ocrx_word' id='word_1_364' title='bbox 2344 4022 2658 4092; x_wconf 72' lang='lat' dir='ltr'><strong>explicatus.</strong></span> <span class='ocrx_word' id='word_1_365' title='bbox 2684 4022 2753 4073; x_wconf 84' lang='lat' dir='ltr'><strong>H.</strong></span> 
     </span>
    </p>

    <p class='ocr_par' dir='ltr' id='par_1_16' title="bbox 1952 4099 2895 4153">
     <span class='ocr_line' id='line_1_60' title="bbox 1952 4099 2895 4153; baseline -0.004 0"><span class='ocrx_word' id='word_1_366' title='bbox 1952 4102 2005 4153; x_wconf 82' lang='lat'><strong>8.</strong></span> <span class='ocrx_word' id='word_1_367' title='bbox 2050 4102 2258 4153; x_wconf 79' lang='lat' dir='ltr'><strong>Tullius.</strong></span> <span class='ocrx_word' id='word_1_368' title='bbox 2290 4102 2440 4153; x_wconf 72' lang='lat' dir='ltr'><strong>MSS.</strong></span> <span class='ocrx_word' id='word_1_369' title='bbox 2494 4102 2715 4153; x_wconf 65' lang='lat' dir='ltr'><strong>Thetim.</strong></span> <span class='ocrx_word' id='word_1_370' title='bbox 2764 4099 2895 4153; x_wconf 77' lang='lat' dir='ltr'><strong>Sunt</strong></span> 
     </span>
    </p>
   </div>
   <div class='ocr_carea' id='block_1_9' title="bbox 1867 4181 2613 4249">
    <p class='ocr_par' dir='ltr' id='par_1_17' title="bbox 1867 4181 2613 4249">
     <span class='ocr_line' id='line_1_61' title="bbox 1867 4181 2613 4249; baseline 0 -16"><span class='ocrx_word' id='word_1_371' title='bbox 1867 4181 1957 4249; x_wconf 84' lang='lat' dir='ltr'><strong>qui</strong></span> <span class='ocrx_word' id='word_1_372' title='bbox 1986 4181 2137 4231; x_wconf 73' lang='lat' dir='ltr'><strong>taliam</strong></span> <span class='ocrx_word' id='word_1_373' title='bbox 2163 4182 2411 4235; x_wconf 76' lang='lat' dir='ltr'><strong>eci-ibant.</strong></span> <span class='ocrx_word' id='word_1_374' title='bbox 2438 4182 2613 4233; x_wconf 69' lang='lat' dir='ltr'><strong>Hann.</strong></span> 
     </span>
    </p>
   </div>
   <div class='ocr_carea' id='block_1_10' title="bbox 3104 2275 3113 2979">
    <p class='ocr_par' dir='ltr' id='par_1_18' title="bbox 3104 2275 3113 2979">
     <span class='ocr_line' id='line_1_62' title="bbox 3104 2275 3113 2979; baseline 0 0"><span class='ocrx_word' id='word_1_375' title='bbox 3104 2275 3113 2979; x_wconf 95' lang='lat' dir='ltr'><strong> </strong></span> 
     </span>
    </p>
   </div>
  </div>
 </body>
</html>
