3150 5150
1020 535 1329 604 LlssER
1378 537 1542 605 xx,
2173 515 2332 608 ‘613

174 666 504 737 bilitates.
556 667 719 762 Ejus
737 665 807 752 ¹⁹,
874 693 1019 760 quae
1078 693 1299 738 unum·
1327 668 1581 739 caulem
1633 669 1838 740 habet
1881 671 2100 742 radice
2159 674 2334 742 circa

172 773 467 843 dentem
511 775 625 869 qui
663 772 885 843 doleat
922 789 1267 869 pungunt,
1299 775 1511 845 donec
1549 776 1805 845 desinat
1835 775 2045 847 dolor.
2078 777 2330 848 Eadem

176 895 485 949 strumas
538 895 606 950 et
660 879 994 975 parotidas
1049 905 1419 975 panosque,
1480 880 1702 951 addita
1747 882 2037 952 hominis
2092 883 2333 969 saliva,

178 1001 441 1082 purgat
483 987 648 1055 citra
679 983 936 1055 vulnus.
972 987 1208 1054 Semen
1244 987 1311 1054 in
1354 988 1509 1056 vino
1536 989 1728 1084 nigro
1759 1003 1989 1082 potum
2029 1013 2070 1057 a
2101 991 2336 1084 pituita

180 1107 261 1161 et
286 1093 557 1162 nauseis
579 1091 832 1160 liberat.
872 1091 1087 1160 Radix
1104 1093 1153 1119 '⁰
1181 1115 1622 1162 mammarum
1662 1095 1831 1163 vitiis
1867 1096 2196 1178 occurrit,
2227 1097 2334 1165 ad·
2372 1125 2400 1178 4

182 1195 467 1294 alligata
508 1200 579 1267 in
621 1197 771 1266 lana
810 1199 1015 1292 nigra.
1058 1200 1317 1268 Tussim
1340 1199 1385 1225 ²¹
1420 1200 1486 1266 in
1528 1198 1698 1268 lacte
1735 1213 1960 1284 cocta,
2007 1215 2073 1270 et
2115 1202 2334 1272 sorbi-

184 1306 399 1374 tionis
447 1303 647 1374 modo
701 1317 1000 1397 sumpta,
1042 1306 1259 1399 quinis
1306 1302 1537 1375 diebus
1598 1305 1923 1376 emendat.
1978 1308 2339 1377 Stomacho

190 1409 467 1480 inutiles
489 1409 799 1480 Sextius²²
828 1411 1034 1503 Niger
1066 1409 1241 1480 dicit.
1267 1409 1610 1506 Olympias
1621 1411 1973 1498 Thebana,
2005 1405 2340 1484 abortivas

188 1541 347 1586 esse
372 1541 527 1586 cum
550 1515 746 1612 adipe
766 1518 1056 1585 anseris:
1086 1515 1285 1611 aliqui
1311 1519 1578 1612 purgari
1603 1517 1900 1606 feminas,
1919 1517 2086 1588 foliis
2106 1543 2332 1588 earum

194 1647 443 1693 manus
496 1621 709 1718 plenae
748 1645 1055 1692 mensura
1110 1623 1178 1690 in
1222 1621 1369 1692 oleo
1410 1638 1478 1691 et
1524 1625 1684 1693 vino
1738 1625 2035 1719 sumptis.
2091 1627 2337 1718 Utique

196 1743 467 1799 constat
510 1729 949 1824 parturientes
986 1727 1155 1797 foliis
1200 1728 1545 1798 substratis
1581 1728 1858 1800 celerius
1899 1730 2061 1800 solvi
2089 1757 2104 1798 :
2142 1733 2342 1826 proti·

198 1823 399 1906 nus⁸³
442 1859 481 1903 a
526 1848 723 1930 partu
766 1833 1247 1920 revocandum,
1289 1859 1374 1903 ne
1412 1833 1612 1904 vulva
1657 1851 1986 1930 sequatur.
2049 1840 2229 1905 Dant
2275 1853 2344 1906 et

198 1965 485 2011 succum
523 1938 881 2009 bibendum
911 1940 1427 2035 parturientibus
1446 1942 1724 2034 jejunis,
1758 1945 1824 2010 in
1860 1943 2018 2012 vino
2052 1943 2342 2012 decoctae

198 2048 493 2116 hemina.
521 2049 705 2137 Quin
732 2061 800 2116 et
836 2071 1059 2116 semen
1100 2045 1460 2142 adalligant
1485 2037 1792 2132 brachio,
1830 2047 2112 2142 genitale
2130 2041 2176 2083 ²⁴
2206 2075 2340 2117 non

201 2155 690 2223 continentium
722 2179 737 2220 :
776 2153 1073 2246 adeoque
1102 2178 1195 2222 eoe
1222 2155 1469 2222 Veneri
1512 2169 1906 2238 nascuntur,
1940 2170 2016 2222 ut
2055 2179 2277 2224 semen
2291 2144 2341 2181 ’⁵

206 2258 532 2330 unicaulis
565 2283 905 2354 aspersum
948 2258 1253 2352 genitali,
1282 2259 1677 2328 feminarum
1717 2256 2060 2329 ax³iditates
2097 2285 2342 2356 augere

203 2367 291 2434 ad
357 2365 689 2435 infinitum
750 2368 1160 2435 Xenocrates
1208 2365 1425 2434 tradat
1471 2392 1486 2433 :
1546 2367 1834 2459 itemque
1895 2380 2030 2436 tres
2081 2366 2339 2436 radices

198 2473 391 2566 juxta
419 2471 822 2566 adalligataS‚
841 2485 1138 2540 tenesmo
1153 2485 1221 2539 et
1236 2469 1660 2566 dysentericis
1682 2471 2022 2541 utilissime
2043 2473 2300 2541 infundi
2325 2500 2339 2541 :

204 2580 367 2654 item
382 2566 435 2607 ’ὃ
470 2579 643 2649 sedis
672 2578 877 2665 vitiis,
916 2577 1019 2646 vel
1058 2578 1110 2647 si
1148 2578 1519 2647 foveantur.
1552 2578 2048 2649 Melancholicis
2079 2605 2342 2675 quoque
2381 2594 2411 2647 s

206 2712 449 2757 succus
470 2685 668 2755 datur
694 2686 947 2780 cyathis
971 2686 1171 2755 ternis
1208 2684 1467 2780 tepidus
1495 2711 1510 2753 :
1540 2700 1610 2755 et
1637 2685 2112 2755 insanientibus
2128 2740 2147 2773 ,
2177 2712 2342 2780 qua-

206 2795 432 2863 ternis.
472 2794 783 2863 Decoctae
826 2791 1264 2862 comitialibus
1306 2791 1586 2862 heminae
1617 2793 1815 2861 succi.
1861 2795 1978 2861 His
2021 2807 2089 2861 et
2126 2791 2340 2861 calcu-

297 2978 388 3031 ¹9·
409 2962 553 3031 Ejus.
577 2961 841 3015 plimval.
863 2960 962 3021 lv,
991 2960 1021 3014 5
1049 2979 1063 3011 =
1089 2986 1111 3008 ι
1136 2962 1237 3013 ltn-
1318 2964 1497 3032 jectas.
1523 2962 1730 3015 Sextius
1749 2961 1911 3030 Niger
1937 2973 1990 3013 et
2009 2960 2344 3013 Dioscorides

206 3040 303 3095 dix
344 3043 505 3094 unius
546 3042 738 3105 caulis,
776 3040 985 3111 inquit,
1022 3038 1237 3095 admota
1320 3040 1594 3095 stomacho
1621 3040 1834 3092 inutiles
1857 3039 2198 3092 arbitrantur.
2222 3065 2244 3086 ι
2277 3040 2341 3093 H.

204 3120 395 3182 denti,
427 3121 577 3192 pellit
613 3120 873 3174 dolorem.
900 3144 923 3167 n
952 3118 1078 3172 Hoc
1104 3120 1233 3172 mal·
1404 3118 1495 3171 23.
1524 3118 1755 3171 Protinus
1781 3137 1813 3168 a
1838 3130 2002 3189 partu.
2045 3104 2345 3173 Remoiren-

210 3220 277 3254 va
326 3201 497 3271 major
536 3200 795 3254 unicaulis
824 3198 1091 3253 Matthioli
1112 3237 1131 3261 ,
1164 3196 1233 3253 de
1318 3197 1451 3251 dum
1472 3217 1501 3251 a
1528 3210 1684 3269 partu
1713 3196 2174 3252 medicamentum.
2197 3198 2349 3251 11..-

209 3299 317 3353 qna
344 3280 588 3351 superins
612 3279 815 3334 dictum
844 3290 937 3332 est.
961 3278 1031 3331 H.
1318 3278 1455 3330 Soloe·
1474 3310 1492 3335 ‚
1527 3281 1749 3347 protinus
1773 3297 1806 3328 a
1821 3290 1972 3347 partu
2013 3278 2344 3332 avocandum.

300 3378 389 3414 so.
422 3360 603 3413 Badais.
632 3359 770 3413 Ptin.
801 3359 923 3411 val.
952 3358 1054 3423 IV,
1086 3358 1137 3412 5.
1164 3356 1231 3410 H.
1322 3360 1447 3411 Vet.
1468 3356 1613 3431 apud
1643 3357 1821 3411 Dalec.
1849 3358 1998 3422 solvi,
2024 3357 2346 3428 salpe-ocinus

296 3458 393 3495 ax.
453 3440 659 3493 Tussim.
729 3440 959 3493 Malvam
1008 3438 1063 3489 in
1114 3438 1236 3490 cibo
1324 3459 1357 3490 a
1375 3448 1525 3509 partu
1554 3438 1836 3491 remanda.
1865 3438 1970 3489 Eu.

210 3518 555 3574 commendat
582 3520 784 3590 pariter
810 3516 879 3572 ad
904 3518 1085 3573 tussim
1117 3516 1237 3570 Cel·
1408 3524 1498 3581 ²4·
1548 3516 1794 3571 Genieate.
1825 3515 2050 3569 Seminis
2078 3515 2357 3587 profluvio

211 3618 337 3665 sus,
368 3599 472 3665 IV,
504 3605 557 3665 4.
590 3597 773 3651 Ηιιυ.
909 3606 929 3629 '
1324 3596 1702 3650 labor-mium.
1738 3596 1983 3650 Genitale
2019 3614 2122 3667 pro
2152 3597 2350 3649 semine

302 3698 389 3733 aa.
413 3678 623 3732 Sestius.
642 3679 714 3733 Et
732 3679 827 3751 qui
846 3677 1083 3730 Sextium
1100 3688 1241 3729 tran·
1322 3677 1489 3747 accipi
1516 3676 1824 3729 monuimus
1845 3694 1895 3729 c.
1924 3676 2015 3729 53.
2045 3675 2225 3729 fluo.

212 3759 430 3824 scribit,
458 3757 556 3811 etsi
579 3757 824 3812 eumdem
852 3758 907 3809 in
930 3756 1239 3829 praefatione
1410 3756 1500 3809 25.
1544 3754 1730 3810 Sennea.
1767 3756 1958 3808 Malva
1985 3752 2195 3827 majoris
2230 3756 2350 3826 uni-

214 3840 513 3911 vituperat..
537 3837 777 3891 Dioscor.
798 3837 873 3899 11,
902 3838 1043 3901 1‘44:
1067 3842 1237 3889 Km-
1324 3836 1487 3888 caulis
1502 3874 1518 3899 ‚
1544 3833 1614 3888 de
1639 3853 1742 3905 qna
1763 3834 1964 3888 dictum
1991 3847 2068 3887 est
2089 3834 2349 3904 superins.

213 3922 436 3990 ςόμαχος
471 3914 531 3972 δὲ
564 3918 649 3971 καὶ
677 3920 934 3981 εὐκοίλιος,
964 3930 1064 3970 etc.
1100 3916 1236 3967 Ptin.
1326 3915 1465 3968 Plin.
1489 3914 1612 3970 Vol.
1635 3916 1738 3980 IV,
1768 3916 1798 3968 5
1821 3952 1835 3971 .
1867 3913 1934 3967 de
1964 3912 2138 3967 radice
2165 3914 2348 3966 malvas

220 3998 345 4053 val.
370 3999 472 4063 IV,
510 3998 541 4052 5
571 4016 584 4050 :
623 4025 645 4046 ι
672 3996 951 4069 Olympias
984 3996 1239 4049 Thebana
1328 3996 1485 4048 unius
1514 3994 1679 4047 caulis
1699 4014 1718 4049 z
1747 4016 1770 4038 ·
1789 3992 1988 4047 Eadem
2019 3992 2210 4046 femori
2237 3992 2352 4043 alli·

218 4080 485 4133 sbortivas
530 4096 642 4132 esse
685 4089 837 4147 putat
884 4076 1077 4129 malvas
1116 4093 1239 4127 cum
1330 4088 1442 4145 gata
1471 4074 1704 4125 stimulat
1733 4074 2015 4126 Venerem.
2041 4069 2226 4121 Haeo.

223 4158 377 4232 adipe
416 4156 661 4213 anserino
695 4156 906 4228 genitali
944 4156 1082 4227 parti
1122 4156 1241 4207 sub·
1417 4156 1499 4205 26.
1532 4154 1670 4206 Item.
1705 4153 1879 4206 Diosc.
1904 4154 1994 4213 11,
2027 4158 2152 4214 144.
2187 4152 2234 4204 H

1952 4244 2090 4353 39³
