3150 5150
903 495 1225 564 LIBER
1292 497 1495 563 xlx.

2107 497 2246 580 4¹¹

170 625 395 696 nidium
410 609 437 649 ⁶
458 639 755 710 vocatur,
768 627 1107 720 angustius
1136 623 1295 696 folio
1310 679 1331 714 ,
1351 650 1431 696 ac
1452 626 1672 694 minus
1695 647 1952 719 aspero.
1983 627 2262 696 Seminis

170 733 495 828 plurimum
518 730 845 802 omnibus,
876 731 1173 804 Celerius
1191 747 1412 802 tamen
1436 731 1840 827 proveniunt
1863 744 2020 800 satae
2046 729 2266 804 bulbis

168 841 327 910 circa
359 837 559 910 latera
584 839 773 908 natis.
810 840 901 908 Et
934 852 1009 908 ut
1033 838 1397 927 crescant7,
1430 837 1588 908 folia
1621 862 1768 932 quae
1801 851 1958 908 sunt
1981 835 2086 907 his
2117 861 2267 908 am-

168 945 295 1041 pla,
337 944 579 1014 deflexa
617 945 794 1014 circa
827 944 1250 1015 obruuntur:
1292 947 1383 1016 ita
1430 967 1706 1015 succum
1762 965 2029 1013 omnem
2081 945 2150 1014 in
2197 969 2268 1014 se
2312 933 2322 942 ’

168 1051 420 1120 trahunt
452 1052 689 1146 capita.
728 1053 979 1146 Sponte
1005 1066 1369 1122 nascuntur
1406 1051 1854 1147 copiosissime
1879 1051 1948 1118 in
1976 1048 2269 1120 Baleari-

168 1159 272 1228 bus
300 1156 649 1286 Ebusoque
676 1155 939 1244 insulis,
966 1181 1045 1228 ac
1078 1183 1199 1253 per
1230 1158 1598 1253 Hispanias.
1629 1158 1858 1226 Unum
1881 1155 2010 1226 de
1991 1157 2068 1226 iis
2095 1155 2273 1228 volu-
2309 1183 2338 1218 ²

166 1289 311 1333 men
324 1249 665 1334 “condidit
698 1263 1105 1359 Pythagoras
1140 1263 1609 1360 philosophuS,
1643 1261 1958 1357 colligens
1986 1261 2276 1335 medicas

166 1371 325 1440 vires
342 1423 363 1458 ,
394 1395 555 1464 quas
589 1371 893 1464 proximo
935 1370 1289 1442 reddemus
1323 1370 1511 1442 libro.
1556 1367 1874 1464 Reliqua⁹
1915 1368 2272 1438 bulborum

164 1501 393 1571 genera
430 1475 750 1546 differunt
782 1474 1004 1546 colore
1022 1529 1043 1562 ,
1078 1476 1527 1574 magnitudine
1545 1527 1565 1560 ‚
1613 1477 1957 1546 suavitate.
1999 1477 2268 1570 Quippe

164 1607 355 1677 quum
374 1580 423 1606 ¹⁰
447 1581 713 1702 quidam
760 1582 949 1652 crudi
981 1583 1405 1670 mandantur,
1444 1597 1521 1653 ut
1552 1584 1622 1652 in
1651 1581 2074 1652 Cherroneso
2097 1584 2275 1650 Tau·

164 1691 304 1758 rica.
340 1691 494 1757 Post
518 1687 680 1757 hos
662 1713 729 1757 m
740 1687 1013 1760 Africa¹¹
1032 1691 1172 1760 nati
1193 1690 1475 1760 maxime
1490 1688 1868 1775 laudantur,
1880 1713 2038 1758 mox
2053 1686 2274 1783 Apuli.

164 1798 416 1864 Genera
440 1792 709 1864 Graeci¹²
744 1793 887 1866 haec
912 1795 1163 1867 fecere·
1145 1848 1166 1883 ,
1210 1795 1563 1880 bulbinen,
1589 1796 1932 1880 setanion,
1959 1793 2276 1890 pythion,

162 1898 577 1970 acrocorion¹
581 1885 972 1996 ³,aegilopa‚
1004 1902 1456 1996 sisyrinchion.
1502 1905 1588 1971 In
1621 1901 1752 1970 hoc
1788 1899 2064 1971 mirum¹
2069 1897 2277 1970 “imas

162 2008 291 2100 jus
334 2006 584 2076 radices
619 2031 915 2078 crescere
962 2011 1221 2077 hieme:

1257 2033 1467 2080 verno
1503 2023 1762 2090 autem,
1809 2032 2016 2102 quum
2064 2031 2274 2102 appa-

162 2114 360 2182 ruerit
384 2111 596 2199 viola,
638 2115 846 2184 minui
884 2128 948 2183 et
985 2115 1328 2202 contrahi,
1364 2129 1507 2184 tum
1544 2112 1780 2184 deinde
1811 2111 2090 2183 bulbum
2127 2115 2276 2209 pin·

160 2243 479 2313 guescere.
510 2221 632 2290 Est
665 2220 839 2290 inter
870 2206 1199 2314 genera'⁵,
1222 2235 1291 2290 et
1322 2220 1554 2316 quod
1538 2246 1610 2290 m
1635 2221 1922 2316 AEgypto
1961 2243 2126 2289 aron
2161 2245 2278 2289 vo·
2317 2230 2352 2282 3

159 2447 313 2502 mina
358 2443 595 2502 radicem
636 2446 693 2500 in
737 2446 871 2501 cibis
911 2449 1175 2520 approbat

158 2527 429 2599 rheophr.
452 2527 587 2581 Hist.
610 2527 755 2592 VII,
791 2546 883 2583 ιι.
906 2525 1177 2583 sedimus

158 2620 367 2661 tantum
409 2626 528 2679 qun
565 2605 902 2679 Epimenidi·
938 2609 1176 2681 appella·

158 2706 263 2753 :‚ur
300 2686 431 2740 ἀλλὰ
450 2694 536 2747 τῆς
576 2679 919 2759 Επιμινιδιῖου
941 2691 1180 2761 aucupi·

158 2788 259 2833 τις,
274 2785 399 2838 qun
418 2767 714 2837 angustiore
739 2767 869 2821 folio
887 2787 949 2822 sc
962 2768 1176 2823 leviore

158 2859 223 2901 est
246 2886 263 2911 ,
288 2867 373 2907 ςιν
376 2849 691 2918 couno-ripae
718 2846 801 2901 καὶ
823 2850 1085 2919 λειοτέρας.
1106 2850 1175 2901 Η.

226 2930 287 2979 6.
332 2926 689 2997 Epimenidium
725 2938 946 2982 vocatur.
992 2928 1173 2981 Theo-

159 3006 435 3072 >htastus,
458 3006 597 3060 Hist.
624 3006 723 3060 lib.
753 3006 894 3074 VH,
920 3025 1043 3077 cap.
1086 3026 1109 3061 1
1127 3026 1177 3062 ι.

228 3104 288 3155 7.
330 3086 409 3137 Ee
432 3096 487 3137 ue
511 3097 741 3140 crescant.
766 3085 1041 3159 Theophr.
1064 3086 1101 3139 l.
1128 3104 1177 3141 c.

226 3166 287 3217 8.
313 3164 471 3217 Unum
490 3164 551 3217 de
566 3168 627 3218 iis
646 3166 869 3219 volumen
884 3206 901 3232 ,
927 3179 1029 3221 etc.
1048 3166 1179 3237 Ejus

158 3244 356 3297 nentio
380 3243 443 3297 fit
460 3248 603 3316 apud
618 3244 893 3299 laertium
910 3245 969 3299 in
984 3246 1183 3315 Pytha-

158 3343 315 3393 gora,
353 3342 464 3397 quo
505 3325 623 3379 loco
668 3344 949 3397 perperam
987 3325 1181 3397 legitur

158 3403 259 3475 :spi
288 3406 381 3465 riis
408 3403 553 3465 κήλης
586 3422 707 3458 enm
734 3404 1001 3476 scripsisse
1022 3446 1039 3469 ,
1065 3423 1179 3459 non

158 3484 259 3553 :spi
292 3488 386 3545 τῆς
412 3485 623 3545 eamne.
655 3482 930 3551 Muretus,
975 3485 1072 3538 lib.
1098 3485 1181 3539 1x

158 3562 369 3616 Vax-iar.
396 3580 513 3633 esp.
550 3583 643 3617 so.
664 3564 863 3617 Daue.
922 3600 927 3605 ·

224 3660 287 3711 9.
334 3640 545 3715 Reliqua
592 3642 854 3697 bulborum.
901 3642 1180 3715 Theophr.

159 3720 291 3775 list.
317 3720 433 3775 vn
450 3760 467 3786 ,
502 3720 590 3776 13.
609 3721 789 3777 Ruin-

230 3819 325 3853 ιο.
359 3800 555 3873 Quippe
578 3821 738 3875 queem.
764 3802 1038 3875 Theophr.
1061 3802 1099 3857 l.
1126 3822 1173 3857 c.

164 3880 588 3935 texeoAthen.
618 3880 716 3936 lib.
734 3882 794 3935 11
814 3901 967 3954 ,psg.
983 3886 1075 3947 64.
1108 3883 1179 3937 H.

234 3980 257 4013 ι
278 3960 491 4013 1.Post
515 3962 599 4013 hos
626 3964 677 4013 in
704 3920 903 4025 Africa.
946 3960 1180 4024 Διὸωιους

158 4036 336 4093 sudat
410 4040 611 4111 pariter
661 4041 985 4105 Athenas,
1038 4043 1077 4094 l.
1132 4060 1180 4097 c.

158 4119 420 4190 ibycus,
442 4121 809 4193 Dauniosque,
826 4121 937 4175 sive
957 4122 1183 4193 Apulos,

1260 2447 1488 2504 Ovidius
1512 2448 1827 2521 paulo-nte
1861 2446 2174 2518 appellatus.
2209 2447 2280 2500 H.

1346 2548 1369 2583 ι
1384 2547 1437 2583 s.
1473 2527 1672 2584 Genera
1703 2526 1887 2583 Groeca’.
1923 2527 2202 2600 Theophr.
2227 2526 2285 2579 in

1256 2608 1448 2681 primis
1471 2610 1509 2663 l.
1536 2627 1585 2663 c.
1607 2610 1704 2663 nbi
1739 2608 1854 2663 hoc
1884 2626 2078 2679 genere
2097 2624 2284 2661 recen-

1258 2702 1461 2743 sentur.
1484 2691 1551 2743 Τδ
1567 2690 1782 2743 λιυκοῗον
1799 2728 1818 2752 ,
1846 2688 1930 2741 καὶ
1949 2684 2148 2753 §cxcivm
2162 2723 2182 2751 ,
2195 2685 2280 2739 καὶ

1260 2769 1515 2834 ὁπυθὶων,
1548 2768 1633 2823 καὶ
1657 2768 1794 2833 ιώῖξ,
1842 2769 1928 2823 καὶ
1966 2768 2144 2838 τρόπον
2174 2764 2284 2819 τινὰ

1258 2852 1315 2902 τὸ
1339 2850 1650 2920 ciminium
1675 2847 1890 2901 Rectius
1913 2847 2090 2901 forsan
2103 2886 2122 2913 ,
2155 2865 2287 2899 συσι·

1260 2929 1469 3000 simos,
1512 2947 1542 2982 a
1566 2927 1726 2981 rom-i
1753 2926 1896 2981 suilli
1915 2923 2284 2981 similitudine.

1261 3010 1436 3080 Hujus
1484 3008 1696 3061 iconem
1750 3005 1896 3077 apud
1953 3002 2286 3058 Dodonoum

1261 3086 1385 3141 vide
1400 3124 1419 3151 ,
1462 3107 1518 3158 p.
1548 3106 1575 3138 2
1591 3104 1675 3139 xo.
1695 3085 1790 3139 Est
1812 3097 1866 3139 et
1887 3085 1946 3138 in
1961 3083 2285 3156 Eystettensi

1259 3165 1439 3220 horto.
1472 3167 1659 3219 Ηιιιιι.

1349 3264 1371 3299 ι
1385 3245 1758 3299 3.Act·ocorion.
1773 3240 1863 3295 Διι
1875 3240 2244 3296 Ασνωοονοᾰοιι
2257 3249 2288 3293 e'·

1261 3324 1339 3379 Ut
1370 3336 1433 3379 ut
1472 3336 1549 3379 est
1568 3364 1586 3389 ,
1631 3322 1920 3377 bulborum
1963 3320 2290 3392 ejuscemodi

1262 3404 1448 3477 ignota
1477 3404 1666 3465 facies,
1697 3415 1759 3457 ut
1786 3416 1840 3457 et
1865 3402 2158 3475 pythionis.
2179 3400 2248 3457 Η.

1349 3502 1371 3537 ι
1384 3491 1439 3549 4.
1462 3486 1525 3538 In
1545 3484 1634 3537 hoc
1653 3486 1840 3536 mirum.
1857 3482 2064 3553 Nempe
2084 3482 2142 3534 in
2161 3482 2295 3554 sisy-

1262 3562 1491 3618 rinchio.
1520 3564 1652 3619 Haec
1680 3562 1958 3634 Theophr.
1989 3561 2028 3615 l.
2061 3580 2111 3615 c.
2143 3562 2212 3615 Η.

1350 3643 1441 3699 15.
1498 3644 1600 3697 Est
1661 3648 1786 3697 inter
1835 3662 2034 3713 genem.
2081 3642 2294 3714 Nempe

1263 3722 1575 3778 bulborum.
1591 3726 1674 3777 De
1692 3742 1787 3777 nro
1813 3735 1991 3776 sutem
2013 3723 2293 3795 Egyptia-

1266 3822 1328 3857 αι
1350 3804 1624 3876 loquitur,
1644 3822 1763 3876 quie
1788 3798 1994 3857 diverse
2021 3819 2050 3854 s
2073 3802 2295 3855 Diosco-

1268 3878 1398 3937 ridis
1424 3902 1517 3937 aro
1544 3883 1766 3955 vulgari.
1801 3880 2111 3954 Egyptian
2146 3881 2294 3935 colo-

1268 3964 1419 4017 casia
1438 3981 1605 4035 genus
1625 3975 1703 4016 est
1721 3962 1975 4025 alterum,
2000 3956 2146 4032 quod
2169 3977 2294 4013 cnm

1272 4043 1393 4097 faba
1449 4042 1700 4115 AEgyptia
1749 4040 1989 4113 plerique
2042 4033 2300 4092 confude-

1274 4136 1441 4177 runt:
1473 4122 1674 4177 Plinius
1701 4132 1823 4193 epte
1851 4117 2145 4191 distinguit.
2179 4117 2301 4173 Pin-
