3150 5150
750 427 849 514 64

1291 428 1369 497 C.
1426 424 1769 496 PL1N11
1824 427 2033 496 NAT.
2092 427 2345 496 ulsT.

749 563 928 631 mine
978 557 1172 629 inseri
1217 573 1432 628 vetat:
1481 574 1867 652 certumque
1912 574 2049 644 est,
2090 559 2175 629 ab
2222 559 2516 630 humeris
2554 562 2871 632 arborum

748 668 1070 737 orientem
1105 666 1406 734 aestivum
1418 650 1472 688 ¹⁶
1505 666 1953 760 spectantibus
1993 664 2291 736 surculos
2332 667 2693 761 petendos,
2734 683 2805 738 et
2840 695 2879 737 e

751 772 1112 857 feracibus,
1150 785 1218 840 et
1241 796 1279 839 e
1309 773 1604 866 germine
1637 770 1940 859 novello,
1969 771 2092 840 nisi
2122 786 2397 842 vetustte
2434 773 2657 843 arbori
2696 776 2879 842 inse-

727 881 1013 948 =rantur:
1043 879 1087 945 ii
1123 878 1303 946 enim
1337 877 1741 948 robustiores
1772 903 1913 948 esse
1940 877 2207 958 debent.
2240 881 2569 948 Praeterea
2604 893 2679 949 ut
2713 905 2879 975 prae-

753 997 1058 1079 gnantes,
1079 983 1212 1052 hoc
1234 997 1372 1070 est‚·
1399 985 1879 1080 germinatione
1896 983 1941 1023 ¹⁷
1974 998 2348 1079 turgentes,
2392 999 2461 1054 et
2498 987 2611 1079 qui
2645 1008 2881 1080 parere

753 1089 866 1160 illo
915 1091 1325 1184 speraverint
1369 1113 1567 1158 anno.
1618 1091 1785 1159 Bimi
1831 1090 2091 1184 utique,
2139 1114 2261 1160 nec
2300 1093 2631 1161 tenuiores
2672 1091 2882 1186 digito

689 1199 719 1252 ⁵
753 1197 1045 1266 minimo.
1092 1199 1486 1265 Inserantur
1519 1210 1740 1266 autem
1776 1211 1845 1264 et
1876 1182 2251 1283 universi¹⁸‚
2288 1221 2495 1291 quum
2534 1197 2602 1265 id
2638 1199 2881 1291 agitur,

755 1316 828 1372 ut
867 1305 1086 1371 minor
1101 1301 1149 1340 ¹⁹
1181 1301 1462 1372 altitudo
1505 1303 1574 1370 in
1608 1299 2021 1372 latitudinem
2056 1325 2127 1372 se
2169 1301 2425 1372 fundat.
2454 1303 2628 1374 Ante
2657 1308 2884 1374 omnia

753 1523 907 1572 nent.
933 1509 1028 1566 sed
1055 1509 1148 1582 qui
1169 1509 1422 1564 humeros
1442 1509 1656 1582 potins,
1682 1529 1775 1564 seu

756 1589 930 1646 media
962 1591 1234 1644 arborum.
1253 1589 1342 1643 Sic
1364 1590 1575 1645 Colum.
1598 1588 1778 1644 lib.de

759 1671 894 1724 Arb.
923 1690 972 1724 c.
994 1687 1095 1734 ιιι,
1114 1667 1182 1722 ad
1204 1669 1339 1723 vites
1357 1669 1601 1724 serendas
1622 1669 1780 1723 semi-

759 1767 826 1804 ne
853 1749 926 1804 ait
955 1749 1158 1820 optimu
1178 1747 1366 1802 baberi
1395 1767 1424 1802 a
1450 1749 1675 1813 lumbis,
1704 1767 1781 1802 se·

759 1827 933 1883 cunda
963 1829 1031 1882 ab
1071 1827 1332 1890 humeris,
1381 1829 1533 1883 tertia
1573 1844 1779 1882 summa

761 1909 818 1961 in
833 1909 940 1962 vite
959 1909 1092 1960 lecta
1107 1946 1124 1973 ‚
1143 1927 1263 1980 quui
1275 1908 1526 1962 ferociora
1541 1905 1781 1980 quidem,

762 1985 852 2042 sed
877 1987 1122 2041 celeriter
1145 1999 1444 2042 senescunt.
1475 1987 1661 2041 Haun.

858 2071 946 2122 16.
999 2067 1243 2120 Orientem
1291 2070 1518 2121 ‹estis-um.
1565 2067 1779 2121 Colum.

761 2148 798 2199 1.
821 2166 869 2201 c.
899 2173 922 2193 ι
946 2147 1132 2212 Quum
1163 2149 1392 2218 primum
1425 2147 1663 2220 germina
1696 2158 1780 2198 tn-

762 2227 987 2279 mebunt
1025 2225 1095 2280 de
1137 2227 1354 2280 ramulis
1392 2227 1651 2280 anniculis
1686 2225 1781 2297 qui

761 2306 888 2360 solis
917 2318 1096 2358 ortum
1125 2308 1469 2378 spectabunt,
1507 2319 1558 2360 et
1588 2305 1779 2376 integri

762 2397 954 2448 erunt,
1003 2403 1094 2438 eos
1145 2385 1340 2456 legito,
1384 2397 1487 2440 etc.
1524 2411 1547 2433 ·
1600 2376 1783 2452 (Vide

764 2464 860 2517 inf.
891 2476 1004 2519 not.
1046 2457 1168 2536 17.)
1208 2465 1277 2516 Et
1321 2465 1412 2518 lib.
1447 2464 1514 2517 de
1553 2464 1781 2517 Arbori-

763 2545 889 2606 bus,
919 2561 1035 2617 cap.
1065 2561 1168 2598 xxx
1213 2569 1236 2593 ι
1271 2544 1483 2599 Semina
1515 2544 1560 2597 si
1592 2561 1657 2596 ex
1698 2561 1783 2597 nr·

763 2624 986 2677 boribus
1013 2642 1217 2687 sumes,
1255 2622 1324 2678 de
1351 2626 1416 2678 iis
1446 2623 1785 2695 potissimum

765 2702 986 2773 sumito,
1021 2722 1140 2775 quae
1168 2705 1418 2757 omnibus
1439 2703 1591 2756 annis
1612 2704 1784 2756 bonos

766 2795 820 2835 et
852 2784 1044 2837 uberes
1075 2783 1250 2837 ferunt
1281 2784 1500 2837 fruetus.
1527 2783 1788 2836 Observa-

767 2863 848 2917 his
886 2876 1064 2924 eutem
1113 2863 1181 2916 ab
1221 2863 1487 2926 humeris,
1532 2862 1626 2933 qui
1667 2874 1789 2915 sunt

768 2954 954 2997 eontra
975 2944 1138 2996 solem
1163 2943 1453 3007 orientem,
1484 2955 1544 2995 ut
1573 2938 1787 2995 eosdem

768 3020 1036 3094 decerpas.
1072 3048 1095 3070 ·
1143 3024 1327 3077 Hsnn.

855 3121 943 3173 ¹7·
985 3103 1098 3155 Hoc
1145 3114 1247 3168 est,
1293 3105 1657 3171 germinatione.
1708 3102 1791 3153 De

769 3182 1223 3252 germinationem
1247 3180 1452 3235 dictum
1475 3180 1693 3235 abunde
1714 3193 1793 3234 est

771 3261 866 3313 lib.
909 3262 1206 3334 XVI,cap.
1249 3262 1350 3331 39,
1393 3268 1462 3326 40
1497 3274 1552 3315 et
1582 3268 1677 3326 4¹·
1711 3292 1791 3303 -—

773 3342 852 3393 Ita
885 3342 1246 3413 rescripsimus
1266 3354 1380 3394 tum
1409 3359 1513 3413 ope
1539 3340 1788 3395 codicum

771 3420 838 3472 R.
863 3420 1019 3473 colb.
1043 3422 1146 3473 Th.
1182 3435 1236 3475 et
1272 3418 1452 3476 Chiffl.
1485 3433 1599 3473 tum
1627 3420 1793 3492 ipsius

771 3498 1248 3562 Columelioedibro
1271 3519 1466 3571 nempe
1475 3514 1641 3567 sexto,
1654 3518 1701 3554 c.
1722 3498 1792 3553 de

769 3578 1022 3631 insitione
1043 3580 1330 3634 arborumz
1361 3607 1384 3628 ι
1406 3580 1486 3633 Ex
1507 3598 1612 3651 qua
1634 3580 1791 3633 arbo-

769 3676 830 3711 re
843 3696 859 3722 ,
877 3656 1050 3730 inquit
1070 3696 1085 3721 ,
1111 3658 1340 3712 inserere
1360 3659 1530 3723 voles,
1545 3672 1601 3713 et
1611 3678 1790 3714 surcu-

769 3736 850 3789 los
892 3734 960 3789 ed
1011 3737 1316 3792 insitionem
1361 3751 1672 3809 sumpturus
1706 3756 1792 3803 es,

769 3814 981 3881 videto,
1031 3830 1091 3869 ut
1139 3818 1208 3870 sit
1263 3830 1468 3883 tenere,
1515 3831 1570 3872 et
1617 3819 1793 3883 ferax,

769 3894 1030 3968 nodisque
1045 3898 1276 3951 crebris:
1294 3909 1350 3949 et
1369 3916 1535 3969 quum
1556 3898 1794 3969 germina

767 3976 1050 4031 tumebant
1071 4015 1087 4041 ‚
1105 3974 1176 4033 de
1193 3976 1356 4030 ramis
1381 3977 1679 4041 anniculos,
1698 3976 1793 4049 qui

767 4056 892 4111 solis
917 4069 1098 4111 ortum
1133 4058 1483 4129 spectabunt,
1518 4070 1570 4111 et
1600 4056 1793 4129 integri

1862 1523 2050 1576 erunt,
2092 1529 2183 1566 eos
2211 1509 2375 1584 legito
2418 1512 2775 1568 crussitudine
2800 1513 2887 1567 di-

1859 1592 1959 1662 giti
1985 1591 2215 1644 minimi.
2258 1590 2469 1646 Surculi
2508 1592 2615 1648 sint
2656 1593 2887 1662 bifurci,

1862 1670 1948 1725 vel
1973 1669 2205 1736 trifurci,
2231 1681 2333 1725 etc.
2362 1697 2385 1719 ιι
2408 1671 2558 1725 Prins
2578 1673 2885 1743 legebatur:

1863 1751 1975 1804 Hoc
1994 1763 2068 1802 est
2080 1787 2096 1810 ,
2120 1755 2439 1821 geminatione
2458 1762 2719 1822 turgentes.
2738 1775 2753 1804 .·
2772 1793 2787 1806 .
2814 1753 2887 1804 ὦ·

1861 1833 1967 1901 gito
1998 1830 2187 1887 medie.-
2206 1842 2373 1902 quum
2400 1831 2457 1883 in
2491 1831 2647 1886 MSS.
2685 1831 2889 1886 codici·

1864 1911 1963 1964 bus
1984 1911 2331 1980 germinatione
2349 1922 2403 1963 et
2424 1905 2617 1964 minimo
2642 1910 2887 1984 planissi-

1866 2007 1953 2042 me
1972 1989 2228 2061 scriptum
2244 1991 2329 2043 sit.
2346 1991 2455 2044 Nec
2476 2003 2655 2044 tamen
2671 2007 2883 2062 gnua·

1867 2071 1994 2122 tione
2049 2069 2151 2140 legi
2216 2067 2428 2141 penitus
2476 2070 2848 2142 improbamus
2870 2111 2888 2138 ,

1866 2166 2029 2220 quum
2052 2149 2217 2219 ipsam
2232 2165 2466 2218 gemmam
2484 2149 2589 2220 legi
2616 2160 2889 2222 oporteat,

1866 2241 1926 2282 ut
1946 2228 2020 2281 eit
2030 2227 2241 2282 Colum.
2260 2229 2296 2281 Ι.
2318 2246 2366 2282 c.
2392 2255 2415 2276 ι
2437 2248 2555 2300 quoe
2570 2231 2709 2284 bene
2726 2248 2891 2302 eppa·

1864 2309 2027 2372 rebit,
2042 2321 2348 2379 certamque
2360 2327 2505 2379 spem
2522 2311 2781 2380 germinis
2804 2312 2891 2362 ha-

1865 2385 2029 2440 bebit.
2042 2412 2065 2434 ι
2080 2387 2149 2439 Et
2164 2387 2359 2440 Pnnad.
2374 2387 2433 2441 in
2449 2387 2606 2441 Mart.
2623 2390 2707 2442 tit.
2728 2387 2891 2456 to‚de

1866 2466 2047 2521 Pomis
2066 2483 2080 2520 ε
2109 2493 2132 2514 ι
2148 2467 2341 2520 Melius
2359 2468 2678 2538 provenient
2693 2508 2711 2533 ‚
2730 2469 2776 2521 si
2802 2489 2893 2541 po·

1866 2544 2074 2600 nendus
2103 2565 2283 2601 ramus
2309 2559 2567 2619 gemmata
2588 2549 2697 2621 jem
2724 2564 2892 2604 matre

1866 2640 2122 2680 sumatur.
2142 2652 2165 2673 ι
2186 2628 2253 2679 Et
2265 2627 2321 2679 in
2336 2627 2491 2681 Febr.
2514 2628 2597 2681 tit.
2622 2648 2691 2699 ¹7
2711 2648 2727 2681 :
2754 2630 2891 2683 «Ubi

1869 2705 2063 2778 incipit
2096 2724 2303 2776 gemma
2340 2708 2593 2761 arborum
2634 2722 2894 2781 turgesce-

1870 2804 1945 2839 re.
1983 2812 2006 2833 ι
2065 2784 2170 2839 Sed
2216 2799 2459 2840 veterum
2508 2788 2893 2859 exemplarium

1872 2864 2103 2937 vestigiis
2122 2864 2323 2937 integra
2340 2865 2448 2919 fide
2468 2867 2707 2921 insistere
2730 2870 2897 2941 magis

1873 2944 2060 3015 placet.
2096 2946 2280 2998 Hmn.

1964 3028 2053 3080 18.
2096 3024 2376 3078 Inserantur
2410 3039 2567 3078 autem
2598 3040 2645 3078 et
2673 3030 2893 3083 universi.

1876 3103 2146 3157 Broterius
2176 3122 2237 3158 ex
2266 3102 2540 3159 codicibus
2566 3107 2699 3177 Reg.
2742 3124 2792 3169 ι.
2832 3127 2859 3160 ²
2878 3147 2894 3172 ,

1875 3196 1928 3237 et
1956 3182 2086 3237 edit.
2116 3185 2387 3255 principe,
2428 3198 2477 3237 et
2513 3189 2718 3244 inversi,
2750 3186 2893 3259 quod

1876 3278 2049 3317 servat
2072 3262 2396 3320 Gronovius.
2418 3295 2501 3305 —-
2517 3264 2651 3317 Bima·
2676 3270 2893 3337 utique...

1876 3345 2086 3395 minimo.
2110 3344 2189 3395 Ita
2210 3341 2370 3397 codd.
2387 3343 2549 3398 Hard.
2571 3346 2692 3398 Dat.
2718 3358 2774 3399 et
2796 3346 2893 3401 Ch.

1877 3422 2183 3477 Gronovius
2215 3441 2342 3476 vero
2376 3436 2429 3477 et
2467 3424 2536 3477 al.
2577 3436 2701 3479 ente
2732 3425 2894 3479 Han-d.

1876 3502 2009 3555 Bims·
2030 3505 2273 3573 utrique...
2301 3502 2470 3557 medio.
2496 3504 2604 3557 En.

1966 3599 1987 3633 ι
2000 3598 2056 3650 9.
2090 3582 2161 3634 Ut
2188 3586 2341 3634 minor
2365 3584 2571 3635 altitudo
2599 3587 2651 3636 ἐκ
2678 3585 2897 3637 latitudi-

1878 3680 1983 3713 nem
2007 3682 2058 3713 se
2068 3661 2269 3729 sundal.
2292 3662 2369 3717 Ut
2394 3663 2560 3717 instar
2577 3664 2898 3735 pumiles-um

1876 3741 2131 3794 arborum
2157 3741 2385 3795 humiles
2414 3743 2540 3800 sint,
2569 3755 2624 3796 et
2648 3744 2705 3796 in
2730 3744 2903 3797 latitu-

1879 3818 2058 3873 dinem
2082 3840 2138 3875 se
2162 3820 2413 3875 fundant:
2438 3822 2633 3876 inversi
2657 3836 2901 3877 seruntur

1882 3900 2103 3965 calami,
2154 3900 2223 3955 ite
2283 3912 2344 3953 ut
2404 3919 2529 3971 pars
2580 3902 2792 3957 acutior
2848 3902 2899 3957 in

1883 3988 2129 4033 truncum
2178 3981 2495 4051 immittatur
2531 4002 2545 4033 :
2596 3994 2767 4037 exstet
2809 4002 2865 4035 en
2882 4018 2898 4047 ,

1882 4078 1999 4131 qnoe
2020 4060 2265 4129 crassior.
2291 4060 2470 4115 Hnm.
