3150 5150
787 469 936 540 516

1308 475 1385 540 c.
1443 471 1786 540 PLINII
1843 471 2063 540 NAT.
2122 447 2382 538 nls‘r.

779 601 1112 672 unctione.
1135 601 1456 671 Somnum
1474 588 1496 628 ³
1515 605 1713 671 etiam
1738 601 1955 672 facere
1984 599 2361 686 traduntur,
2390 615 2459 671 et
2476 599 2757 671 hulcera
2778 605 2903 672 oris

778 731 1046 790 sanare,
1073 707 1643 778 commanducatoe
1682 733 1833 778 cum
1880 731 2071 803 pane.
2110 709 2197 776 Et
2226 695 2447 776 canis⁴
2491 733 2785 792 morsus,
2824 713 2903 776 vi-

777 813 949 882 rides
977 837 1058 882 ex
1085 827 1274 882 aceto
1303 809 1518 894 illitae,
1554 829 1671 882 aut
1696 815 1887 884 siccae
1924 839 2079 882 cum
2118 811 2311 882 melle
2350 828 2419 882 et
2463 815 2659 900 vino,
2701 817 2791 883 ita
2832 831 2899 882 ut

775 933 927 1038 post
947 919 1122 988 diem
1147 919 1414 988 tertium
1437 919 1802 990 solvantur.
1828 921 1939 990 Sic
1967 933 2035 989 et
2058 904 2317 988 attrita⁵
2340 933 2593 989 sanant.
2625 923 2893 990 Coctam

773 1027 840 1094 in
889 1027 1110 1094 cinere
1157 1039 1226 1094 et
1273 1025 1611 1119 epiphoris
1648 1024 1892 1096 multi
1876 1049 2255 1154 imposuere
2296 1049 2449 1094 cum
2498 1025 2711 1094 farina
2752 1026 2892 1094 hor·

705 1165 734 1200 ι
773 1129 1046 1214 deacea,
1069 1144 1136 1199 et
1167 1129 1549 1224 genitalium
1573 1131 1971 1202 hulceribus·
2000 1115 2255 1202 Succo⁶
2284 1145 2351 1200 et
2376 1131 2722 1201 cicatrices
2744 1157 2890 1201 ocu·

773 1235 1024 1318 lorum,
1067 1250 1136 1305 et
1163 1235 1546 1330 albugines,
1590 1253 1659 1307 et
1686 1261 1955 1333 argema
1988 1239 2359 1308 inunxere:
2394 1253 2461 1306 et
2494 1240 2887 1332 serpentium

768 1365 1070 1424 morsm,
1113 1357 1180 1411 et
1218 1345 1443 1411 omnia
1481 1342 1759 1414 vulnera
1790 1369 1945 1413 cum
1990 1341 2202 1412 melle.
2246 1347 2415 1412 Item
2457 1343 2889 1413 auricularum

767 1471 920 1516 cum
953 1446 1124 1518 lacte
1151 1447 1542 1518 mulierum.
1578 1463 1647 1518 et
1682 1449 1785 1518 in⁷
1830 1449 2055 1520 iisdem
2086 1451 2373 1519 sonitum
2400 1471 2481 1518 ac
2514 1453 2889 1544 gravitatem

765 1553 1217 1638 emendante8‚
1244 1579 1397 1624 cum
1427 1555 1625 1651 adipe
1655 1557 1995 1640 anserin,
2006 1569 2123 1624 aut
2139 1579 2293 1624 cum
2320 1553 2515 1624 melle
2544 1555 2887 1626 stillavere.

764 1675 834 1729 et
882 1645 1007 1730 ex⁸
1055 1683 1224 1754 aqua
1264 1661 1631 1732 bibendum
1678 1662 1919 1732 dedere
1962 1675 2233 1756 repente
2275 1661 2887 1732 obmutescentibus.

763 1769 845 1835 ln
887 1764 1162 1836 dolore⁹
1211 1791 1477 1860 quoque
1518 1768 1604 1837 ad
1644 1768 1873 1838 dentes
1916 1767 2301 1838 colluendos
2346 1765 2782 1854 instillavere,
2828 1785 2886 1838 et

763 1871 975 1966 plagis
1025 1871 1386 1950 bestiarum
1428 1876 1764 1957 omnium,
1808 1875 2118 1968 privatim
2170 1875 2620 1969 scorpionum.
2660 1873 2884 1970 Alope-

691 1999 723 2052 3
761 1978 892 2048 cias
913 1977 958 2001 '⁰

757 2193 854 2247 lib.
871 2193 938 2248 de
953 2195 1118 2248 Diaeta
1136 2234 1152 2260 ,
1171 2199 1412 2268 κρόμμυον
1443 2201 1508 2265 τῇ
1536 2198 1643 2268 ὄψει
1670 2199 1795 2268 ἀγα·

757 2277 855 2328 θόν.
881 2276 1062 2328 Hann-

841 2353 894 2407 3.
923 2355 1166 2408 Somnum·
1188 2355 1460 2410 Ptin.vat.
1487 2357 1588 2422 IV,
1614 2357 1789 2410 26.H.

841 2440 894 2496 4.
917 2435 1338 2489 Etcanis.Diosc.
1369 2449 1422 2489 et
1447 2437 1585 2489 Ptin.
1597 2434 1788 2488 Vahll.

759 2529 838 2566 cc.
873 2513 1051 2567 Ηιιιιι.

843 2594 894 2647 5.
935 2592 1020 2645 Sic
1045 2606 1094 2645 ee
1121 2599 1308 2647 atu-ita.
1345 2595 1568 2647 Atti-itus
1596 2612 1788 2665 nempe

757 2674 1247 2726 calceamentorum.
1290 2672 1445 2725 Prius
1491 2674 1783 2745 legebatur.

757 2758 827 2804 sic
863 2764 910 2803 ee
954 2754 1082 2803 tn‘tae
1113 2764 1308 2804 sanant.
1345 2754 1408 2805 ln
1453 2752 1603 2805 MSS.
1651 2757 1783 2806 trita.

761 2830 1097 2884 Emendundi
1115 2830 1448 2884 Dioscorides
1459 2846 1647 2885 auctor
1664 2832 1782 2893 fuit.

757 2910 850 2983 qui
875 2911 968 2963 lib.
995 2910 1049 2963 11
1065 2950 1081 2973 ,
1113 2912 1214 2963 ι8ι
1237 2949 1254 2975 ,
1274 2923 1457 2963 contra
1471 2912 1788 2965 calceamen-

755 3003 932 3043 torum
985 2990 1194 3043 attritus
1239 2990 1392 3041 utiles
1451 3008 1619 3061 copas
1673 3010 1785 3045 esse

753 3068 1034 3141 prodidit:
1073 3072 1198 3140 Πρὸς
1243 3070 1558 3141 ίιιτρίμματα.
1592 3068 1787 3126 ὑποδη-

755 3154 928 3219 μάτων
955 3150 1206 3219 χρήσιμος.
1238 3150 1422 3202 Hun-

837 3232 891 3281 6.
913 3229 1082 3281 Succo-
1113 3229 1288 3281 Diosc.
1315 3229 1416 3282 loc.
1442 3229 1529 3281 cit.
1553 3227 1783 3281 cicatrix

753 3326 918 3379 porro
965 3310 1176 3377 νιφίλιον
1221 3320 1330 3371 est,
1355 3308 1545 3361 vitium
1584 3308 1783 3360 scilicet

751 3387 1030 3441 oculorum
1043 3428 1058 3452 ,
1079 3386 1225 3457 quod
1237 3387 1551 3440 nubeculam
1569 3398 1777 3440 vocant.

750 3466 900 3519 Paul.
927 3467 1242 3535 AEgin.-111,
1263 3467 1536 3538 albugines
1563 3480 1617 3519 et
1643 3469 1777 3520 cica-

747 3546 908 3599 trices
941 3546 1014 3598 itn
1047 3544 1352 3617 distinguit,
1379 3561 1438 3599 ut
1463 3548 1556 3599 has
1592 3547 1648 3599 in
1686 3566 1775 3601 su·

743 3624 967 3698 perficio
1011 3625 1297 3677 consistere
1340 3624 1510 3688 dicat,
1558 3638 1615 3678 et
1664 3646 1773 3679 non

745 3706 917 3759 solum
948 3702 1116 3765 οὐλὰς,
1149 3703 1242 3757 sed
1273 3716 1388 3756 etv
1363 3708 1554 3774 νιφίλια
1594 3705 1775 3775 appel·

743 3785 839 3839 lari
877 3802 893 3839 ε
927 3784 1043 3837 illas
1073 3800 1201 3836 vero
1234 3785 1534 3853 λωιιῶμιιτα
1570 3783 1769 3849 dictes,

738 3864 897 3918 altius
956 3880 1255 3935 progresses
1311 3862 1579 3915 cicatrices
1636 3881 1767 3917 esse.

733 3952 942 4015 Λργιμα.
983 3962 1111 3997 vero
1151 3955 1264 3995 tum
1301 3940 1530 4005 dicitur,
1557 3944 1767 4013 quoties

1011 1977 1328 2066 fricuere,
1377 1993 1446 2048 et
1489 2005 1751 2074 psoras,
1808 1983 1969 2050 tusis
2030 1981 2246 2076 caepis.
2300 1983 2546 2050 Coctas
2599 1980 2885 2076 dysente-

1876 2197 2021 2250 timn
2034 2193 2187 2248 iridis
2204 2210 2379 2266 partes
2392 2197 2617 2262 rubere,
2628 2197 2885 2252 interiores

1876 2293 2006 2328 vero
2035 2275 2305 2328 albescere
2339 2275 2642 2330 videantur.
2672 2265 2883 2350 Ᾰργιμον

1875 2367 2029 2408 vocat
2058 2354 2407 2426 Hippocrates
2432 2355 2502 2410 de
2542 2357 2725 2410 Mon-b.
2764 2360 2882 2412 mul

1876 2433 1973 2486 lib.
2001 2435 2075 2487 11.
2102 2435 2283 2488 Ηιιιιι.

1956 2532 2012 2583 7.
2042 2515 2205 2566 Etiae.
2240 2514 2417 2568 Diosc-
2454 2515 2545 2580 11,
2584 2517 2883 2570 181.Marc.

1874 2594 2030 2665 Emp.
2056 2592 2126 2647 de
2146 2592 2285 2647 med.
2308 2614 2357 2647 c.
2391 2612 2509 2650 vn:
2540 2620 2565 2643 ι
2586 2596 2757 2668 Cape
2780 2616 2885 2651 suc-

1873 2690 1967 2727 cus
2004 2692 2127 2727 eum
2156 2673 2312 2727 melle
2340 2674 2635 2745 permixtus
2664 2690 2719 2729 et
2754 2678 2885 2729 auri-

1874 2753 2006 2806 cula
2034 2752 2312 2806 instillatus
2326 2790 2343 2813 ,
2368 2754 2598 2824 graviter
2626 2754 2887 2808 audientes

1874 2830 2155 2896 emendat,
2202 2830 2443 2887 dolorem
2492 2830 2675 2899 sedat,
2732 2853 2885 2904 puru-

1872 2912 2016 2967 lenta
2072 2924 2327 2982 expurgat
2346 2950 2364 2976 ,
2415 2930 2621 2965 vermes
2670 2927 2847 2967 enecat
2870 2932 2884 2965 :

1869 3008 2061 3062 aquam
2102 2990 2263 3043 etiam
2298 3008 2417 3061 quo
2446 2990 2681 3062 ingressa
2710 2994 2885 3053 fuerit,

1870 3082 1925 3122 et
1942 3087 2156 3122 omnem
2176 3069 2461 3123 humorem
2482 3068 2681 3125 educit.
2706 3098 2729 3119 ι
2760 3074 2888 3125 Plin-

1872 3148 1995 3202 val.
2018 3148 2077 3212 1,
2118 3165 2181 3202 ιι
2224 3169 2238 3201 =
2284 3150 2492 3219 «Cape
2526 3170 2747 3205 succum
2774 3171 2885 3205 cun

1866 3228 2053 3291 melle,
2078 3226 2223 3298 qnod
2254 3230 2305 3281 in
2346 3230 2673 3283 carbonibus
2702 3232 2885 3285 calefa-

1865 3307 1999 3371 cies,
2039 3320 2093 3361 et
2140 3309 2391 3362 auricula
2436 3308 2709 3374 infundis,
2758 3310 2883 3363 mire

1862 3398 2023 3441 sanat.
2058 3412 2079 3434 ιι
2129 3386 2336 3441 Theod.
2383 3387 2547 3441 Prisc.
2598 3391 2659 3455 1,
2706 3409 2739 3459 7
2764 3428 2783 3453 ‚
2826 3391 2881 3441 de

1860 3469 2049 3519 auriam
2060 3471 2365 3521 emau'one:
2384 3494 2406 3516 ·
2426 3466 2529 3521 Sed
2550 3481 2605 3521 et
2624 3486 2877 3539 ceparum

1860 3540 2111 3609 succum,
2162 3564 2285 3600 cum
2335 3546 2591 3601 anserinis
2646 3548 2883 3619 adipibus

1862 3625 2087 3680 mixtum
2128 3626 2371 3681 similiter
2412 3627 2653 3698 injicite,
2706 3640 2759 3679 et
2798 3627 2879 3678 ovi

1859 3706 2094 3759 alborem
2126 3723 2251 3758 cum
2282 3707 2416 3761 lacte
2442 3707 2695 3761 mulieris.
2724 3732 2749 3753 -
2774 3706 2841 3759 Η.

1944 3788 1999 3839 8.
2028 3786 2101 3837 Ee
2122 3806 2199 3839 ez.
2222 3786 2360 3840 ΡΙίιι.
2384 3786 2503 3839 val.
2526 3786 2629 3851 IV,
2660 3790 2749 3839 26.
2772 3786 2835 3837 Η.

1938 3886 1991 3935 9.
2014 3864 2075 3916 In
2091 3865 2271 3919 dolore.
2291 3864 2429 3919 Ptin.
2441 3866 2561 3918 val.
2580 3866 2681 3919 loc..
2700 3866 2789 3918 cit.
2808 3863 2871 3915 Η.

1940 3962 2024 3997 ιο.
2080 3939 2353 4016 Alopxias.
2386 3945 2523 3999 Ptin.
2550 3945 2671 3998 vat.
2698 3944 2752 3997 ll.
2794 3962 2867 3995 cc.

737 4024 874 4077 circa
903 4026 1086 4077 orbem
1123 4020 1297 4085 iridis,
1329 4023 1765 4095 propinquiusque
1852 4023 2555 4098 Murc.Emp.cap.v1,pag.
2580 4022 2869 4088 45.Sebola

737 4104 785 4156 ei
815 4116 985 4175 partes
1004 4105 1078 4157 sic
1104 4103 1466 4156 exltulceratio
1489 4104 1548 4156 (it
1563 4142 1581 4167 ,
1600 4116 1659 4157 ut
1682 4120 1766 4157 ex·
1853 4104 2177 4159 Salernitana
2202 4122 2219 4157 ι

2250 4104 2545 4159 «Gonu-itis
2570 4104 2727 4175 copis
2758 4102 2867 4154 loca
