3150 5150
902 530 1219 597 Lmen
1265 524 1559 599 xvm.
2164 531 2302 631 317

204 663 343 757 ginis
373 683 645 731 causam
695 684 867 746 esse,
912 674 980 728 et
1016 658 1403 730 carbunculi
1443 660 1689 729 vitibus
1732 686 1748 727 τ
1789 661 1968 755 quod
2002 688 2083 733 ex
2118 682 2306 760 parte

206 768 404 837 falsum
430 766 732 836 arbitror
751 819 773 854 ‚
794 790 1189 885 omnemque
1216 766 1556 835 uredinem
1586 767 1832 861 frigore
1858 783 2113 839 tantum
2145 795 2296 841 eon·

206 888 381 959 stare,
406 872 591 943 sole
574 874 869 943 innoxio.
896 872 977 941 ld
1003 872 1420 942 manifestum
1446 872 1561 941 flet
1587 872 2110 961 attendentibus3
2148 900 2304 947 nam

206 982 453 1074 primum
496 979 807 1049 omnium
851 1003 987 1047 non
1027 979 1158 1049 hoc
1203 980 1505 1063 evenire,
1550 979 1674 1047 nisi
1711 980 2017 1050 noctibus
2045 995 2114 1052 et
2151 999 2307 1054 ante

208 1084 329 1155 solis
360 1084 717 1172 ardorem,
757 1084 1297 1180 deprehenditur,
1340 1098 1690 1180 totumque
1725 1073 2011 1156 lunari²⁸
2045 1090 2304 1160 ratione

208 1206 469 1261 constat:
509 1193 837 1295 quoniam
867 1189 1066 1260 talis
1050 1191 1288 1285 injuria
1324 1215 1459 1260 non
1487 1191 1565 1259 fit
1587 1192 1716 1259 nisi
1745 1190 2127 1312 interlunio,
2167 1194 2304 1290 ple-

210 1322 342 1367 nate
357 1296 547 1383 luna,
572 1296 712 1367 hoc
734 1311 831 1367 est
852 1350 869 1384 ,
893 1296 1324 1393 praevalente:
1346 1312 1629 1391 utroque
1655 1299 1830 1367 enim
1855 1298 2084 1369 habitu
2107 1300 2304 1395 plena

209 1419 313 1491 est,
366 1418 440 1474 ut
492 1405 741 1498 saepius
782 1403 1063 1472 diximus
1078 1401 1174 1471 ²⁹.
1220 1403 1335 1472 sed
1378 1401 1736 1474 interlunio
1791 1429 1989 1473 omne
2035 1404 2302 1494 lumen,

212 1508 353 1603 quod
390 1534 427 1577 a
479 1508 629 1580 sole
670 1510 958 1604 accepit,
1003 1507 1163 1579 caelo
1206 1512 1465 1604 regerit.
1526 1509 1926 1579 Differentia
1961 1514 2302 1608 utriusque
2343 1546 2400 1583 ιι

212 1616 431 1685 habitus
468 1640 723 1711 magna
744 1670 765 1703 ‚
797 1615 911 1686 sed
944 1614 1327 1685 manifesta:
1365 1640 1652 1709 namque
1687 1614 2043 1686 interlunio
2080 1633 2302 1689 aestate

214 1721 563 1791 mlidissima
586 1737 722 1807 est,
743 1722 961 1791 hieme
987 1721 1219 1817 gelida.
1240 1724 1299 1790 E
1320 1721 1582 1791 diverso
1611 1723 1678 1789 in
1698 1720 2062 1815 plenilunio
2078 1739 2304 1797 oestate

214 1826 433 1922 frigidas
468 1828 641 1898 facit
674 1840 902 1897 noctes
920 1881 939 1912 ‚
981 1827 1510 1923 hiemetepidas.
1558 1828 1780 1897 Causa
1823 1828 2088 1899 evidens
2126 1856 2142 1899 ε
2187 1831 2303 1901 sed

214 1932 311 2000 alia
343 1934 641 2003 redditur
688 1958 729 2001 a
791 1933 1081 2003 Fabiano
1102 1986 1123 2021 ,
1182 1935 1541 2029 graeeisque
1595 1933 1992 2004 auctoribus.
2055 1938 2302 2007 AEstate

216 2040 351 2107 enim
402 2038 765 2109 interlunio
807 2064 1075 2109 necesse
1129 2054 1257 2124 est,
1307 2064 1509 2133 quum
1568 2037 1706 2107 sole
1757 2039 1946 2109 nobis
1991 2044 2302 2136 proximo

218 2143 417 2215 cimulo
452 2161 686 2215 currat
709 2134 739 2232 ,’
774 2148 925 2240 igne
962 2147 1101 2240 ejus
1150 2147 1451 2215 eominus
1490 2158 1761 2239 recepto
1800 2144 2089 2217 candens
2120 2174 2135 2218 :
2192 2174 2299 2219 ea-

220 2252 448 2345 demque
492 2250 858 2322 interlunio
911 2251 1083 2321 absit
1120 2251 1376 2339 hieme,
1417 2250 1686 2345 quando
1733 2250 2027 2321 abscedit
2061 2269 2129 2323 et
2181 2254 2312 2325 sol:

220 2356 367 2423 Item·
386 2357 753 2453 plenilunio
796 2359 1021 2427 aestivo
1052 2356 1296 2452 procul
1332 2357 1527 2425 abeat
1560 2355 1836 2425 adversa
1870 2356 1990 2427 soli
2029 2354 2300 2433 z'hieme

222 2477 391 2531 autem
428 2463 511 2533 ad
552 2490 684 2533 nos
715 2486 835 2559 per
866 2464 1161 2533 aestivum
1194 2461 1513 2533 circulum
1547 2462 1835 2532 accedat.
1866 2465 2048 2560 Ergo
2081 2492 2198 2561 per
2229 2494 2300 2539 se

222 2570 425 2638 roscida
478 2571 742 2666 quoties
802 2568 977 2665 alget
997 2623 1015 2656 ‚
1069 2569 1396 2640 infinitum
1459 2583 1780 2664 quantum
1844 2567 1956 2640 illo
1997 2585 2298 2671 tempore

222 2674 473 2748 cadentes
506 2678 784 2773 pruinas
820 2675 1143 2772 congelat.

296 2785 515 2852 LXIX.
567 2788 741 2853 Ante
783 2783 1002 2851 omnia
1030 2797 1250 2889 autem
1287 2781 1422 2851 duo
1452 2807 1693 2877 genera
1717 2808 1857 2853 esse
1894 2782 2213 2856 caelestis
2195 2813 2293 2856 ιιι-
2339 2823 2358 2851 1

219 2885 361 2974 juriae
401 2891 773 2960 meminisse
811 2889 1149 2958 debemus.
1202 2873 1441 2958 Unum
1487 2887 1667 2984 quod
1716 2904 2136 2985 tempestates
2176 2919 2292 2962 vo-

224 2999 539 3080 oem11S‚in
572 2995 811 3090 quibus
842 2995 1236 3090 grandineS‚
1278 2993 1624 3089 procellae‚
1661 2999 2028 3089 cieteraque
2064 2995 2294 3067 similia

224 3095 659 3198 intelliguntur:
690 3126 837 3196 quae
860 3126 1064 3196 quum
1082 3100 1470 3188 acciderint,
1506 3103 1606 3170 vis
1635 3101 1848 3194 major
1861 3101 2293 3196 ‘appellatura

281 3295 354 3346 ²8.
384 3295 645 3368 Totumque
678 3281 855 3348 lunari.
885 3295 932 3347 Α
958 3294 1083 3348 luna
1105 3295 1186 3347 vi·
1278 3307 1390 3356 est,
1428 3311 1537 3364 quo
1564 3291 1724 3344 etiam
1757 3305 1916 3346 noctu
1952 3293 2078 3347 luna
2114 3307 2296 3365 pun-e.

224 3367 318 3422 tium
334 3375 586 3447 rubiginis
600 3375 791 3428 oritur.
816 3373 1093 3445 Theophr.
1120 3373 1189 3428 de
1275 3373 1451 3428 facere
1476 3383 1724 3442 potest·
1702 3371 1937 3423 ulium.

226 3445 361 3506 Causa.
380 3455 489 3542 111,
542 3473 656 3526 ²7·
686 3445 811 3508 neti
834 3452 1057 3525 ἑρυσὶῧη,
1098 3473 1189 3506 σοι·
1361 3473 1448 3521 ²9·
1483 3451 1552 3504 Ue
1574 3453 1748 3522 παρίω
1788 3453 2012 3505 diuinus.
2041 3453 2296 3525 Inprimis

224 3531 358 3594 *ἲιὸτης
407 3553 497 3596 τις·
541 3529 675 3587 οὐδὲν
722 3528 783 3587 δὲ
832 3535 1017 3596 σαπρὸν
1073 3533 1129 3585 ἄν
1135 3552 1186 3586 ω
1276 3530 1371 3584 lib.
1412 3532 1496 3597 11,
1524 3532 1590 3594 6,
1636 3529 1728 3582 ubi
1773 3531 1827 3584 in
1871 3531 1990 3604 ipso
2031 3537 2162 3587 coitu
2198 3555 2294 3590 non

223 3609 454 3676 θῑρμότητος
486 3612 759 3685 ἄλλοτ’ρῖσις·
780 3615 969 3685 μάλιςα
991 3606 1049 3665 δὲ
1082 3615 1185 3683 spu·
1273 3614 1406 3664 cema'
1442 3611 1620 3664 lunam
1654 3609 1930 3674 admonet,
1984 3615 2294 3684 «quoniam

224 3685 397 3744 σιέωαιι
422 3695 554 3755 σῖτος
590 3696 699 3755 ταῖς
731 3693 1067 3753 nasathi-eote.
1103 3695 1185 3746 Διὸ
1276 3692 1522 3744 haustum
1564 3705 1778 3744 omnem
1816 3692 1951 3746 lucis
1979 3711 2156 3747 aversa
2197 3697 2292 3749 illo

224 3765 283 3816 καὶ
301 3771 372 3828 τὴν
404 3773 601 3830 eal-nima
637 3779 701 3842 τῇ
728 3775 987 3844 &pud-mn
1011 3773 1183 3830 σήπειν
1271 3783 1506 3843 regerat,
1550 3768 1692 3823 unde
1738 3783 2093 3864 acceperat-1·
2145 3773 2213 3828 Η.

223 3847 317 3904 “50
298 3854 461 3913 νυκτός.
486 3853 741 3925 «Rubigo
758 3865 931 3907 autem
956 3849 1187 3925 putredo
1352 3851 1547 3904 LXIX.
1574 3867 1624 3903 ι.
1652 3849 1744 3902 Vis
1769 3853 1940 3922 major.
1984 3850 2157 3906 Greci
2184 3859 2290 3909 θιοῦ

222 3925 411 3991 qued-m
446 3945 569 3986 est.
603 3950 701 3986 nee
748 3931 1023 4005 putridum
1075 3947 1187 3984 esse
1280 3931 1391 3998 βίαν
1430 3941 1674 3996 -;vocant
1713 3931 1877 3984 latine
1914 3931 2022 3983 vim
2055 3930 2290 3986 divinam

225 4005 464 4078 quidquam
478 4022 652 4083 potest
668 4012 783 4065 sine
801 4012 974 4066 alieno
992 4011 1185 4065 calore.
1274 4009 1409 4063 dixit
1424 4010 1689 4081 Ulpianus
1705 4049 1721 4074 ,
1735 4010 1835 4082 leg.
1845 4007 2160 4082 fluminum,S
2181 4030 2290 4064 ner·

223 4077 433 4142 Triticum
486 4090 792 4162 pleniluniis
856 4090 1186 4184 potissimum
1274 4108 1373 4143 vus
1388 4129 1405 4159 ‚
1424 4089 1547 4160 Dig.
1570 4089 1736 4141 damni
1761 4091 1941 4156 infecti.
1964 4085 2113 4140 Idem
2133 4129 2150 4152 ,
2181 4090 2290 4162 leg.

226 4163 471 4236 rubiginem
514 4171 671 4243 capit.
716 4171 871 4224 Ratio
914 4172 969 4224 in
1011 4171 1186 4223 calore
1284 4187 1351 4239 19
1371 4206 1387 4234 ,
1408 4169 1530 4240 Dig.
1557 4167 1637 4222 tit.
1662 4169 1879 4233 adveatu·
1898 4167 2136 4235 conducta
2159 4163 2293 4230 §Ex
2351 4178 2358 4186 ’
