3150 5150
983 493 1300 564 LIBER
1359 495 1523 562 XX.
2062 535 2073 544 -
2164 491 2307 568 51¹

204 641 474 713 censent3
504 625 1016 721 cavendumque
1052 650 1138 695 ne
1173 639 1420 695 terram
1468 626 1769 720 attingat.
1810 611 2084 696 Celsus³
2108 642 2178 697 et
2208 653 2321 723 po-

205 733 396 826 dagris
431 755 580 827 quoe
618 735 766 802 sine
803 749 1068 804 tumore
1103 734 1270 816 sint,
1304 731 1595 801 radicem
1630 731 1773 825 ejus
1808 757 1889 802 ex
1932 734 2091 803 vino
2126 734 2316 806 deco-

203 855 352 906 ctam
383 841 468 907 im
520 841 634 908 oni
675 839 890 932 jubet.

289 948 428 1014 XV.
497 935 598 1038 v.)
637 945 942 1014 Alterum
986 967 1192 1040 genus
1233 958 1334 1014 est
1375 942 1785 1040 staphylinos
1807 942 1849 1022 ¹,
1900 944 2081 1040 quod
2123 950 2315 1042 pasti·
2356 985 2378 1018 ι

203 1075 402 1123 nacam
435 1067 686 1122 vocant
699 1051 741 1118 ³.
779 1053 940 1146 Ejus
972 1035 1234 1120 semen³
1259 1052 1619 1120 contritum
1650 1065 1717 1119 et
1752 1051 1821 1119 in
1856 1053 2013 1120 vino
2046 1069 2314 1148 potum,

205 1172 530 1228 tumentem
564 1156 792 1227 alvum
816 1210 835 1241 ,
879 1173 946 1228 et
981 1157 1452 1227 suffocationes
1495 1157 1880 1242 mulierum,
1921 1157 2317 1256 doloresque
2336 1223 2358 1240 .

206 1265 336 1334 lenit
357 1266 417 1332 in
441 1279 708 1334 tantum
730 1319 748 1352 ‚
781 1279 856 1334 nt
879 1263 1110 1334 vulvas
1139 1265 1469 1359 corrigat:
1505 1262 1741 1333 illitum
1770 1289 2037 1360 quoque
2060 1290 2098 1334 e
2119 1291 2315 1362 passo

207 1372 388 1440 ventri
421 1395 654 1440 earum
702 1373 958 1466 prosit:
995 1373 1154 1439 viris
1189 1393 1352 1438 vero
1388 1369 1691 1465 prodest,
1732 1395 1883 1440 cum
1929 1373 2117 1466 panis
2158 1398 2313 1468 por·

209 1479 354 1546 tione
391 1503 570 1572 aequa
599 1481 834 1548 tritum
851 1531 872 1563 ‚
913 1503 994 1546 ex
1017 1478 1172 1545 vino
1200 1490 1436 1571 potum
1467 1492 1703 1546 contra
1732 1479 1983 1547 ventris
2025 1477 2309 1552 dolores.

208 1582 364 1652 Pellit
393 1598 456 1653 et
492 1585 758 1654 urinam
781 1572 846 1651 ⁴:
889 1597 958 1653 et
989 1569 1459 1679 phagedaenas⁵
1493 1583 1841 1654 hulcerum
1870 1585 2039 1656 sistit
2082 1605 2313 1656 recens

212 1713 332 1758 cum
369 1689 553 1760 melle
587 1693 1010 1786 impositum,
1053 1689 1160 1758 vel
1200 1689 1459 1758 aridum
1499 1689 1713 1759 farina
1748 1691 2143 1785 inspersum.
2178 1695 2308 1762 Ra-

211 1782 420 1865 dicem⁶
467 1797 610 1889 ejus
654 1795 993 1867 Dieuches
1037 1810 1272 1866 contra
1310 1796 1657 1890 jocineris‚
1700 1819 1780 1866 ac
1832 1795 2050 1885 lienis,
2086 1796 2269 1868 ilium
2290 1855 2310 1886 ‚

213 1898 540 1972 lumborum
560 1957 580 1988 ‚
643 1919 716 1973 et
766 1927 1000 1973 renum
1058 1905 1220 1972 vitia
1240 1957 1261 1991 ‚
1314 1927 1394 1971 ex
1441 1925 1617 1997 aqua
1666 1902 1880 1972 mulsa
1918 1904 2063 1974 dari
2098 1904 2305 1998 jubet.

211 2006 617 2102 Cleophantus
647 2025 720 2080 et
747 2009 1211 2104 dysentericis⁷
1241 2009 1595 2078 veteribuS.
1625 1995 2010 2079 Philistion⁸
2040 2012 2107 2080 in
2138 2009 2308 2084 lactc
2348 2051 2375 2084 2

213 2117 423 2206 coquit,
447 2130 512 2184 et
545 2116 632 2185 ad
681 2115 1156 2211 stranguriam⁹
1180 2116 1296 2185 dat
1331 2114 1567 2185 radicis
1600 2117 1829 2185 uncias
1864 2133 2193 2210 quatuor:
2224 2143 2307 2188 ex

213 2241 344 2312 aqua
375 2221 753 2318 hydropicis
773 2221 844 2312 ¹⁰,
888 2221 1183 2292 similiter
1219 2236 1287 2292 et
1321 2222 1824 2316 opisthotonicis
1849 2221 1919 2308 ¹¹,
1965 2237 2033 2292 et
2068 2223 2309 2319 pleuri-

275 2391 316 2445 3.
344 2395 513 2451 Celsus.
539 2399 668 2453 Lib.
697 2398 810 2462 rV,
840 2404 910 2463 ²4
929 2438 942 2462 ,
973 2395 1040 2450 de
1061 2397 1190 2450 arti·
1362 2396 1416 2449 5.
1447 2397 1522 2448 Et
1545 2397 1892 2466 phagedoenas.
1922 2395 2157 2450 Galenus
2186 2398 2223 2451 l.
2255 2417 2302 2454 c.

215 2473 410 2528 culorum
459 2476 744 2532 doloribus
791 2478 848 2530 in
909 2477 1150 2530 manibus
1170 2516 1188 2544 ,
1278 2474 1414 2528 Ptin.
1449 2476 1572 2529 val.
1598 2476 1699 2540 IV,
1720 2475 1830 2542 323
1864 2475 2039 2531 Dione.
2062 2476 2099 2530 l.
2118 2496 2165 2532 c.
2192 2477 2262 2532 H.

213 2549 492 2628 pedibusque
518 2578 534 2613 ε
577 2586 600 2607 0
641 2555 755 2610 Ubi
779 2555 955 2619 dolor,
987 2555 1188 2631 inquit,
1357 2559 1410 2610 6.
1442 2555 1673 2609 Badium
1715 2557 1835 2627 ejus.
1880 2556 2019 2611 Ptin.
2053 2557 2237 2613 Valer.
2264 2560 2299 2615 l.

216 2631 442 2690 vehemens
479 2651 668 2711 urget,
701 2638 917 2691 interest
960 2636 1070 2690 sine
1101 2651 1184 2691 tu·
1275 2654 1321 2689 c.
1357 2634 1536 2689 man.

213 2728 327 2764 more
350 2714 390 2767 is
411 2717 498 2783 sit,
528 2738 596 2772 an
628 2730 811 2771 tumor
837 2735 960 2771 cum
993 2718 1186 2771 calore.
1357 2736 1411 2787 7.
1451 2716 1525 2768 E!
1551 2717 1875 2788 dysentericis.
1898 2716 1987 2770 Sic
2007 2718 2166 2771 etiam
2194 2720 2303 2773 Pli-

213 2787 317 2843 Nam
340 2794 378 2845 si
403 2808 574 2852 tumor
601 2798 789 2851 nullus
831 2810 945 2862 est,
1005 2796 1187 2851 calidis
1271 2796 1394 2849 nius
1437 2794 1583 2849 idem
1626 2798 1810 2851 Valer.
1856 2798 2167 2867 dysentericis
2218 2818 2304 2852 ve-

216 2868 408 2925 lamentis
445 2896 574 2950 opus
617 2890 697 2931 est
734 2916 747 2929 .
775 2917 787 2929 .
818 2914 832 2928 .
881 2896 941 2931 ac
987 2874 1187 2930 deinde
1275 2881 1428 2930 mstis.
1453 2875 1638 2929 Hnm.

214 2964 337 3003 noctu
349 2962 705 3027 cataplasmata
717 2956 1071 3011 calefacientia
1089 2956 1184 3011 im·
1351 2956 1401 3009 8.
1431 2956 1707 3009 Philistion.
1738 2956 1944 3027 Nempe
1961 2954 2029 3008 ad
2051 2954 2298 3027 dysente-

214 3046 384 3098 ponere,
401 3038 730 3109 maximeque
742 3036 934 3090 hibisci
951 3034 1183 3091 radicem
1271 3028 1404 3089 riam
1436 3047 1490 3089 et
1525 3049 1782 3107 praeterea
1810 3034 1877 3087 ad
1907 3035 2253 3107 stranguriam
2281 3056 2295 3088 ε

214 3110 382 3165 exvino
403 3129 660 3171 (metam.-
687 3114 866 3168 Hum.
1271 3114 1350 3167 uti
1380 3134 1448 3168 ex
1474 3114 1616 3168 Plin.
1640 3115 1765 3167 Val.
1798 3114 2162 3185 intelligimus.
2188 3114 2258 3169 Η.

271 3188 372 3245 XV.
393 3194 773 3269 1.Stapbylinos.
795 3196 1078 3249 Pastinacae
1095 3214 1185 3268 ge·
1353 3213 1406 3262 9.
1429 3195 1524 3247 Ad
1545 3197 1890 3264 stranguriam.
1935 3197 2297 3265 Στραγγουρίαν

215 3283 288 3319 nus
309 3288 482 3342 agreste
511 3276 792 3347 intelligit,
836 3275 906 3329 de
939 3294 1053 3349 quo
1084 3276 1180 3330 lib.
1270 3273 1447 3327 Groeci
1479 3273 1665 3328 dixere
1684 3311 1700 3337 ‚
1724 3273 1896 3327 urina
1921 3272 2251 3328 stillicidium
2278 3312 2295 3337 ,

215 3344 329 3414 xlx,
350 3370 430 3423 ²7·
455 3355 786 3420 Dioscoridi,
809 3356 893 3409 111
911 3396 927 3419 ,
970 3356 1041 3425 59
1067 3394 1084 3422 ‚
1105 3369 1184 3410 est
1269 3351 1398 3405 dum
1430 3354 1633 3408 scilicet
1655 3354 1810 3405 urina
1838 3352 2055 3406 nonnisi
2084 3370 2191 3425 per
2214 3355 2298 3407 in-

215 3434 416 3495 ςαφυλῖνος
440 3437 621 3508 ἄγριος.
639 3434 820 3489 Eum.
1267 3432 1481 3487 tex-valla
1504 3434 1657 3487 stillis
1677 3432 1815 3485 fluit.
1828 3432 2015 3486 Eum.

275 3526 311 3559 π.
327 3510 617 3569 pastinacam
633 3528 828 3568 vocant.
841 3514 929 3571 Sic
943 3534 1005 3568 cx
1026 3512 1176 3571 MSS.
1353 3530 1444 3566 10.
1495 3514 1585 3566 Ex
1635 3532 1763 3585 aqua
1809 3513 2098 3585 lydi-opicis.
2154 3514 2294 3569 Ptin.

215 3600 291 3638 em.
315 3586 458 3648 nard.
494 3616 642 3651 cons.
682 3596 837 3650 MSS.
875 3598 1178 3666 pastinacam
1266 3590 1388 3645 val.
1418 3594 1456 3648 1.
1484 3612 1531 3646 e.
1562 3605 1616 3647 et
1636 3593 1879 3646 Dioscor.
1910 3594 2028 3658 111,
2072 3592 2163 3663 59.
2186 3579 2253 3647 H.

213 3671 412 3723 erraticam
432 3689 610 3728 meant
629 3675 726 3729 Gr.
754 3688 808 3729 et
839 3676 921 3727 At.
947 3676 1055 3729 En.
1349 3690 1371 3725 ι
1388 3690 1437 3728 1.
1471 3672 1869 3744 opisthotonicis.
1917 3662 2297 3737 ὀπισθοκνυιὸς

275 3746 316 3798 3-
339 3750 447 3821 Ejus
465 3776 634 3809 semen.
653 3755 794 3809 Ptin.
816 3756 933 3809 val.
955 3754 1056 3819 IV,
1077 3756 1168 3809 32.
1263 3750 1460 3807 dicitur
1475 3793 1490 3819 ,
1526 3754 1617 3807 cui
1643 3753 1821 3808 cervix
1848 3752 1904 3805 in
1944 3755 2293 3825 posteriorem

215 3816 355 3880 Eun.
1264 3847 1468 3904 partem
1508 3834 1581 3889 ita
1622 3834 1903 3887 contractis
1942 3834 2121 3887 nervis
2164 3833 2297 3887 diri·

276 3908 472 3966 4-1’21131
512 3928 560 3968 et
601 3918 808 3969 urinam.
844 3916 926 3968 Ita
967 3913 1178 3969 Diocles
1264 3912 1376 3985 guit
1401 3953 1417 3977 ‚
1469 3927 1525 3967 ut
1578 3913 1721 3967 flecti
1772 3932 1881 3967 non
1926 3913 2109 3985 possit.
2155 3913 2293 3966 Plin.

215 3976 428 4053 Casystius
450 3992 513 4047 de
539 3994 1172 4061 mendavalemdine,1,
1261 3990 1539 4058 xxv111;
1592 3995 1663 4048 52
1683 4033 1700 4057 ,
1742 3994 1952 4046 docorem
1992 3992 2297 4063 εψιεῡειεη.

215 4062 322 4127 ²P⁰d
332 4069 499 4128 Athen.
517 4076 630 4137 lx,
649 4094 703 4147 p.
731 4076 801 4145 37
816 4094 838 4128 ι
859 4095 876 4142 ;
896 4074 1086 4130 Galen.
1107 4074 1174 4128 de
1264 4076 1573 4127 ὄπισθότονον
1624 4072 1830 4126 definit.
1880 4070 2025 4125 Vide
2070 4083 2122 4124 et
2174 4090 2300 4144 quo

219 4134 310 4193 Fae.
324 4147 472 4222 simpl.
496 4154 636 4209 med.
660 4156 826 4216 vm,
859 4176 917 4228 p.
948 4154 1081 4209 231.
1105 4149 1172 4207 Η.
1264 4148 1458 4207 dicturi
1490 4170 1672 4206 sumus
1721 4152 1911 4205 XXIII
1931 4192 1947 4215 ,
1998 4157 2090 4215 ²⁴·
2120 4150 2187 4203 Η.
