3150 5150
920 469 1228 536 LIBER
1278 469 1487 538 XIX.

2136 475 2273 548 385

175 631 309 703 gum
338 599 613 672 Adonis¹
646 616 711 668 et
746 598 1037 670 Alcinoi²
1076 628 1090 668 ε
1130 603 1421 695 itemque
1452 589 1794 696 pensiles³‚
1821 605 1960 674 sive
1987 605 2134 678 illos
2157 614 2270 681 Se-

236 811 371 865 XIX.
404 827 453 862 ι.
486 807 697 862 Adonis.
742 807 839 860 Est
866 807 955 860 hic
975 807 1168 860 Adonis

170 896 217 944 in
234 889 465 962 genitivo,
486 905 548 940 ex
566 905 739 958 groeoo
756 877 921 944 Ᾰδων,
943 869 1162 947 isdemnec.

167 973 346 1023 Tamen
387 964 647 1020 Adonidis
702 965 896 1019 hortos
941 965 1165 1037 Antiqui

168 1061 335 1103 vocant
355 1085 371 1112 ,
406 1046 465 1098 in
505 1047 703 1118 quibus
735 1045 935 1098 alsiosa
967 1046 1163 1116 plante

166 1128 453 1189 educantur,
470 1126 607 1180 intra
624 1124 962 1196 περιφορτὶτους
982 1137 1159 1186 testas,

164 1227 245 1260 seu
282 1205 433 1259 dolia.
481 1197 717 1258 Ᾰδῶνιιοι
760 1211 908 1264 κῆποι
927 1243 946 1270 ,
986 1205 1163 1276 inquit

163 1285 359 1350 Suidas,
384 1301 507 1356 pag.
538 1283 611 1338 83
634 1323 653 1349 ,
672 1285 897 1355 λέγονται
915 1285 957 1336 οἱ
982 1285 1165 1354 [sario—

162 1386 222 1436 ραι
244 1371 399 1422 κῆποι.
414 1363 663 1417 Meminit
689 1377 745 1416 et
764 1363 915 1417 Plato
936 1364 992 1417 iu
1010 1363 1163 1418 Pha·
1192 1401 1199 1408 ·

162 1444 263 1498 dro.
284 1444 403 1498 Fuit
426 1441 631 1496 Adonis
656 1443 871 1514 Cinyra
894 1442 1037 1496 filius
1055 1443 1161 1513 Cy-

160 1525 379 1594 priorum
426 1521 567 1593 regis
583 1561 599 1586 ,
640 1536 702 1575 ut
739 1521 929 1576 fabulo
962 1522 1161 1574 ferunt.

158 1607 218 1656 At
246 1599 381 1674 apud
412 1601 604 1654 Ezech.
638 1602 777 1654 VIII
794 1637 811 1666 ,
849 1607 917 1664 ¹4
937 1642 955 1665 ,
992 1626 1016 1650 «ι
1042 1619 1162 1654 mu·

156 1683 291 1734 lieres
319 1681 623 1755 plangentes
648 1677 949 1734 Adonidem
967 1716 985 1743 ,
1006 1705 1029 1726 ι
1081 1681 1162 1732 fe-

158 1763 296 1814 minae
338 1773 464 1813 sunt
502 1760 875 1826 lamentantes,
908 1760 1054 1812 velut
1092 1759 1165 1812 ob

155 1841 302 1892 Lnnae
331 1840 609 1906 morbum,
640 1857 835 1912 nempe
870 1839 942 1892 ob
971 1837 1166 1892 virium

154 1921 275 1972 lunc
308 1917 729 1972 imbecillitatem
746 1957 763 1984 ,
788 1937 958 1990 usque
988 1915 1057 1970 ad
1086 1919 1168 1988 ip·

156 2017 247 2050 sam
278 1999 521 2069 quintam
552 1999 735 2052 lunam
782 2011 948 2052 totam
974 2013 989 2050 z
1017 1995 1164 2050 unde

151 2075 227 2129 die
260 2082 424 2150 quinta
463 2083 634 2132 mensis
665 2077 863 2131 factum
894 2077 999 2130 hoc
1022 2075 1161 2130 vidit

152 2157 429 2227 Propheta,
468 2158 564 2210 ΕΖ.
614 2157 754 2210 VIII
772 2195 789 2224 ,
842 2176 892 2212 r.
936 2155 1159 2228 Triplex

150 2237 453 2290 abominatio
474 2235 720 2290 asudaeis
738 2248 943 2308 patrata
964 2233 1161 2288 descri-

147 2316 275 2368 bitur
300 2335 363 2368 eo
389 2316 597 2389 capite,
628 2330 682 2369 et
704 2313 963 2386 gradatim
990 2313 1156 2368 refer-

148 2409 239 2446 tur.
274 2395 450 2450 Rima
486 2408 597 2463 est,
629 2393 955 2450 thurificatio
982 2391 1156 2448 idolo-

144 2493 348 2538 rum,v.
376 2494 433 2544 9,
465 2494 552 2540 10,
581 2492 671 2528 ιι.
694 2473 1156 2546 Altera,·planctns

144 2551 420 2622 Adonidis,
487 2573 583 2621 ιι,
636 2555 745 2619 13,
806 2559 896 2619 ¹⁴5·
936 2553 1152 2617 Tertia,

140 2632 363 2688 adoratio
393 2635 523 2689 solis
543 2634 791 2701 orientis,
824 2637 923 2695 15,
955 2634 1158 2687 16.Ju-

140 2712 251 2765 ‹laeae
273 2732 405 2787 ergo
432 2714 681 2767 mulieres
702 2714 777 2769 sic
790 2714 995 2766 Lunam
1013 2712 1153 2766 cole-

140 2792 257 2845 bant
275 2832 291 2854 ,
320 2807 378 2846 ut
407 2794 512 2846 viri
532 2792 725 2859 solem,
762 2792 1155 2847 abominatione

136 2872 183 2923 hi
210 2886 347 2925 certe
373 2874 617 2945 majore:
644 2891 769 2926 nam
803 2872 945 2925 viros
982 2870 1154 2925 idolo·

139 2950 273 3003 latria
320 2970 376 3004 se
414 2952 778 3005 contaminare
818 2956 1002 3007 tetrius
1046 2962 1149 3012 est,

135 3048 279 3099 quam
336 3030 580 3085 feminas.
624 3032 723 3085 Has
766 3044 1019 3104 praeterea
1077 3028 1149 3083 fa-

134 3109 328 3163 ciebant
347 3112 603 3181 placentas
632 3114 817 3181 regina
846 3112 971 3175 eoela‘,
987 3110 1155 3162 Lunae

135 3188 357 3253 scilicet,
397 3190 600 3244 Jerem.
638 3190 781 3257 VII,
827 3192 918 3245 18.
962 3187 1155 3243 Eidem

134 3268 493 3324 sacrificabant
527 3282 579 3325 et
622 3270 725 3323 viri
776 3296 799 3317 ι
832 3270 891 3322 in
934 3268 1157 3322 urbibus

134 3347 157 3395 J
164 3346 261 3401 uda
285 3362 341 3401 et
363 3348 425 3403 in
454 3350 640 3420 plateis
664 3349 985 3414 Jerusalem,
1017 3373 1040 3395 ι
1068 3366 1157 3401 ac-

134 3440 333 3497 ceptum
360 3428 415 3481 ei
437 3428 727 3482 referentes
740 3468 757 3494 ,
776 3426 921 3501 quod
944 3426 1160 3479 abunda-

134 3519 227 3557 rent
240 3509 479 3577 panibus,
502 3508 701 3562 ibidem
714 3508 911 3567 XLIV,
942 3526 965 3560 1
982 3525 1026 3567 ι,
1048 3526 1157 3578 quo

134 3586 345 3641 nomine
376 3602 432 3641 et
465 3588 626 3641 Ceres
662 3601 883 3641 vocatur
914 3604 941 3637 a
975 3585 1159 3657 Virgi-

135 3664 225 3729 io,
244 3666 303 3718 in
340 3666 469 3737 ipso
491 3668 644 3721 initio
668 3668 763 3721 lib.
791 3668 819 3720 1
840 3666 1161 3737 Georgicon.

135 3746 313 3797 Adonis
332 3759 623 3817 propterea
648 3746 803 3799 Luna
834 3746 1159 3818 appellatur,

135 3844 219 3877 ioc
244 3840 356 3891 est,
381 3826 729 3879 Dominatrix
751 3846 765 3877 ε
784 3824 920 3879 facto
944 3824 1163 3877 nomine

135 3922 181 3955 το
206 3904 489 3961 feminino
518 3925 581 3960 ex
612 3906 844 3958 Hehraeo
868 3902 1163 3959 masculino

134 4002 267 4053 idon
320 4003 503 4070 '1⁸58-
524 4000 730 4055 Adonis
746 4019 873 4072 ergo
896 4002 1046 4053 Luna
1060 4039 1075 4062 ,
1099 4018 1165 4051 eo

134 4080 269 4149 {uod
308 4082 369 4135 in
398 4094 601 4153 segetes
628 4079 963 4145 dominatur,
1000 4092 1063 4135 ut
1086 4078 1168 4132 di·

274 4205 413 4271 VI.

1254 818 1399 860 ctum
1428 820 1525 862 est.
1556 809 1744 876 Quinta
1775 813 1943 862 mensis
1967 824 2146 868 antem
2169 816 2276 872 hoc

1251 903 1309 938 se
1329 884 1517 939 vidisse
1560 888 1809 941 Ezechiel
1847 902 2085 954 testatur,
2126 897 2274 967 quod

1258 991 1281 1012 ι
1307 978 1447 1018 sexta
1490 963 1580 1019 die
1612 966 1824 1021 abunde
1858 969 2051 1024 virium
2078 973 2275 1030 habeat

1250 1045 1431 1109 Luna,
1458 1069 1481 1092 1·
1515 1059 1579 1098 ut
1624 1047 1828 1100 Plinius
1867 1048 2138 1121 loquitur,
2178 1058 2272 1126 qui

1248 1136 1527 1194 propterea
1546 1125 1617 1178 ab
1643 1145 1704 1179 ea
1727 1125 1818 1180 die
1849 1153 1874 1174 ι
1895 1131 2156 1186 mensium
2179 1153 2274 1188 an-

1248 1221 1547 1280 norumque
1591 1203 1743 1258 initia
1765 1233 1787 1254 ι
1834 1207 2014 1262 fecisse
2041 1211 2274 1270 Druidas

1248 1281 1307 1333 in
1338 1281 1523 1335 Galliis
1547 1283 1734 1349 refert,
1763 1285 1858 1340 lib.
1881 1287 2050 1356 XVI,
2089 1309 2138 1344 c.
2176 1294 2271 1361 95.

1248 1359 1610 1426 Quamobrem
1637 1361 1754 1416 dies
1789 1365 1882 1419 illa
1906 1371 2074 1438 quinta
2101 1376 2273 1425 mensis

1247 1439 1315 1492 ab
1343 1441 1623 1494 Ezechiele
1663 1440 1866 1498 idcirco
1907 1458 2089 1501 notata
2123 1451 2276 1506 credi

1248 1531 1424 1590 potest
1436 1518 1730 1575 admodum
1745 1524 2115 1592 verisimiliter,
2125 1529 2274 1601 quod

1248 1617 1417 1670 usque
1442 1598 1510 1653 ad
1531 1617 1647 1653 eam
1675 1602 1846 1672 ipsam
1875 1615 2036 1658 totam
2063 1622 2274 1678 protra-

1249 1677 1438 1733 herent
1472 1678 1718 1734 mulieres
1755 1682 2045 1737 lamentum
2068 1686 2275 1743 Adoni-

1249 1755 1349 1822 dis,
1363 1758 1468 1812 hoc
1480 1772 1582 1821 est,
1602 1758 1784 1814 Lunae.
1807 1761 1974 1834 Apud
1987 1765 2276 1837 Virgilium

1250 1850 1423 1890 autem
1439 1876 1456 1902 ,
1478 1837 1591 1891 Ecl.
1623 1839 1676 1891 X
1691 1879 1707 1906 ,
1731 1860 1807 1894 vs.
1839 1859 1862 1893 1
1879 1860 1930 1907 1,
1951 1843 2146 1898 Adonis
2175 1868 2274 1902 no-

1250 1934 1376 1968 men
1418 1917 1642 1989 pastoris
1674 1932 1782 1984 est,
1821 1938 1982 1991 quem
2018 1924 2276 1980 Adonem

1251 1995 1468 2050 Plautus
1485 2009 1639 2049 vocat
1656 1996 1714 2049 in
1739 1999 2097 2070 Menaechmis,
2108 2019 2208 2061 act.
2226 2009 2269 2066 1.

1249 2092 1325 2128 sc.
1361 2094 1421 2140 a,
1442 2095 1519 2129 vs.
1550 2077 1650 2141 343
1679 2076 1774 2131 sed
1805 2078 2062 2135 defletum
2093 2102 2214 2138 enm
2241 2107 2274 2140 a

1244 2153 1559 2208 mulieribus
1595 2168 1686 2209 aut
1719 2157 1845 2211 viris
1864 2197 1882 2225 ,
1903 2173 2094 2215 neuter
2120 2162 2271 2219 dicit.

1242 2231 1533 2288 Fabulosus
1572 2234 1709 2288 nlius
1743 2235 1952 2290 Adonis
1973 2254 2076 2303 est,
2110 2262 2271 2314 quem

1240 2311 1594 2376 Theocritus,
1618 2313 1755 2368 Bion
1773 2355 1790 2380 ,
1814 2317 2012 2389 aliique
2037 2339 2274 2377 comme-

1241 2406 1471 2446 morant.
1494 2391 1602 2446 Sed
1635 2393 1768 2464 quid
1797 2415 1920 2448 cum
1953 2397 2048 2451 illo
2074 2400 2108 2453 J
2112 2399 2274 2458 udaeis

1240 2471 1586 2536 mulieribus,
1639 2475 1934 2544 presertim
1978 2477 2272 2536 Ezechielis

1241 2567 1354 2605 ovo
1373 2551 1399 2605 i*
1421 2553 1605 2606 Hiran.

1324 2650 1376 2683 2.
1404 2626 1620 2685 Alcinoi.
1648 2632 1927 2689 Phaeacum
1955 2638 2093 2707 regis
2113 2640 2170 2693 in
2191 2641 2276 2694 in·

1239 2710 1357 2762 sula
1380 2709 1617 2783 Corcyra
1636 2710 1912 2778 ditissimi,
1940 2720 2094 2789 cujus
2117 2720 2272 2775 silvas

1238 2788 1419 2842 laudat
1454 2789 1610 2861 Virg.
1660 2790 1858 2863 Georg.
1915 2796 2003 2861 11;
2045 2803 2270 2868 pomaria

1239 2867 1467 2936 Statius,
1496 2869 1628 2923 silv.
1661 2870 1756 2923 lib.
1786 2874 1846 2939 Ι,
1874 2892 1951 2928 vs.
1981 2874 2048 2939 ὃς
2087 2897 2272 2948 pome-

1238 2960 1353 3001 tum
1395 2949 1760 3003 Tertullianus
1777 2988 1792 3012 ,
1836 2951 1904 3005 de
1946 2954 2145 3009 Pallio:
2189 2977 2272 3011 se-

1238 3029 1391 3099 quuti
1414 3046 1599 3081 omnes
1616 3028 1910 3084 Homerum
1937 3033 1994 3085 in
2017 3033 2270 3105 Odyssea.

1238 3106 1425 3161 Haut).

1322 3188 1377 3241 3.
1402 3188 1613 3258 Itemque
1627 3190 1852 3257 pensiles.
1883 3198 1961 3243 De
1982 3194 2273 3261 pensilibus

1241 3265 1537 3336 Babylonis
1553 3266 1726 3319 hortis
1746 3268 1914 3321 multa
1931 3284 2124 3341 poete,
2139 3276 2290 3328 mul--

1244 3357 1297 3399 ta
1326 3344 1572 3399 historici
1605 3360 1842 3399 narrant.
1883 3349 2150 3405 Describit
2182 3373 2273 3407 eos

1243 3424 1541 3477 luculenter
1558 3422 1720 3477 Diod.
1743 3425 1883 3479 Bihl.
1903 3427 1958 3479 11
1975 3468 1991 3493 ,
2013 3447 2086 3499 99
2109 3450 2122 3485 ε
2144 3432 2272 3486 item

1246 3504 1405 3556 Philo
1452 3504 1738 3577 Byzantius
1757 3544 1774 3570 ,
1820 3506 1916 3560 lib.
1962 3506 2031 3561 de
2070 3524 2276 3583 septem

1246 3584 1395 3637 orbis
1414 3584 1728 3653 spectaculis
1749 3622 1764 3649 ,
1796 3603 1918 3655 pag·
1959 3586 2012 3642 3.
2049 3588 2276 3647 Berosus

1249 3663 1346 3715 lib.
1387 3664 1470 3715 111
1505 3681 1687 3715 rerum
1725 3662 1915 3719 Chald.
1950 3668 2094 3739 apud
2125 3670 2277 3726 Jose·

1250 3740 1449 3813 phum,
1472 3741 1605 3795 Ant.
1626 3741 1754 3797 Jud.
1777 3744 1856 3809 X,
1888 3766 1908 3797 1
1927 3768 1944 3796 t
1965 3786 1981 3813 ,
2008 3747 2082 3801 ait
2101 3768 2279 3806 saxeas

1250 3822 1419 3873 moles
1442 3822 1616 3887 fuisse,
1631 3841 1751 3893 quae
1771 3824 2034 3878 montium
2050 3830 2278 3899 speciem

1251 3901 1541 3966 referrent,
1587 3921 1818 3972 superne
1857 3905 2082 3958 consitas
2124 3910 2282 3962 variis

1254 3980 1508 4033 arborum
1536 3981 1841 4051 generibus,
1859 3995 1959 4036 etc.
1983 3984 2283 4041 Pendentes

1257 4071 1399 4115 recte
1420 4058 1616 4113 dixeris
1641 4060 1697 4113 in
1724 4078 1846 4114 aere
1874 4061 2046 4119 silvas.
2072 4062 2253 4121 Haan.

1949 4201 2054 4291 25⁶
