3150 5150
1043 494 1344 565 LIBER
1401 495 1661 563 XVII.

2315 495 2409 582 45

269 631 558 699 minario
621 633 983 702 transferre
1035 635 1102 701 in
1145 629 1322 699 aliud
1351 617 1438 715 ³¹,
1481 632 1865 724 priusquam
1913 653 2033 698 suo
2082 629 2233 700 loco
2300 657 2415 725 po·

271 753 542 822 uantur,
577 762 859 831 operose
877 726 925 764 ³²
957 739 1220 834 praecipi
1250 737 1536 804 arbitror
1562 789 1581 822 ,
1622 735 1775 804 licet
1801 734 2227 805 translatione
2258 737 2413 807 folia

267 839 506 910 latiora
550 843 692 912 fieri
745 846 1132 938 spondeant.

375 951 534 1016 XV.
581 947 936 1022 Ulmorum
956 950 1002 1036 ¹,
1045 950 1425 1044 priusquam
1480 946 1652 1016 foliis
1704 950 2105 1034 vestiantur,
2150 973 2405 1018 samara

267 1053 641 1149 colligenda
687 1071 786 1125 est
828 1059 1002 1127 circa
1045 1057 1316 1125 martias
1355 1052 1614 1123 kalend.
1660 1077 1866 1147 quum
1908 1055 2263 1125 flavescere
2316 1057 2411 1124 in·

267 1162 450 1253 cipit.
495 1161 754 1230 Deinde
789 1162 1044 1232 biduo
1028 1188 1093 1230 in
1138 1161 1374 1229 umbra
1425 1162 1669 1229 siccata
1705 1159 2019 1228 serenda²
2025 1214 2045 1246 ‚
2096 1161 2297 1230 densa
2343 1165 2411 1229 in

271 1253 598 1335 refracto³

613 1283 861 1354 ‚terra
905 1293 1103 1364 super
1151 1268 1529 1336 minutatim
1574 1253 1961 1352 cribrata,⁴
1980 1267 2412 1337 crassitudine

268 1397 418 1466 quae
449 1375 518 1441 in
541 1376 890 1502 cupressis.
924 1375 1170 1444 Pluviae
1199 1375 1253 1442 si
1284 1398 1417 1442 non
1453 1371 1805 1465 adjuvent,
1835 1360 2224 1466 rigandum⁵
2230 1377 2411 1442 .De-

269 1465 602 1548 ferendae⁶
630 1505 710 1550 ex
749 1505 1052 1550 arearum
1091 1481 1276 1548 venis
1315 1493 1467 1574 post
1508 1478 1791 1547 annum⁷
1832 1479 1899 1547 in
1943 1478 2263 1564 ulmaria,
2312 1483 2409 1548 in-

269 1583 552 1654 tervallo
589 1573 847 1681 pedali⁸
885 1589 952 1657 in
985 1609 1314 1683 quamque
1358 1599 1642 1680 partem.
1685 1586 1967 1653 Maritas-
1996 1584 2245 1655 ulmos⁹
2286 1611 2398 1656 au-

267 1813 426 1882 aprili
475 1813 632 1865 sorba
663 1813 973 1867 inseruntur
1003 1814 1059 1866 in
1091 1831 1147 1866 se
1171 1852 1187 1876 ,
1238 1812 1293 1864 in
1355 1822 1368 1836 ·

267 1891 540 1962 (ydoneo,
569 1892 624 1944 in
645 1894 798 1964 spina
821 1893 937 1946 alba
951 1893 1064 1959 ,vel
1087 1905 1293 1956 trunco,

267 1971 350 2024 vel
379 1971 598 2025 cortice.
621 1997 646 2018 ι
675 1973 856 2027 Hsnn.

349 2051 444 2103 31.
477 2052 764 2118 Tmen-esem
795 2057 844 2104 in
870 2053 1022 2106 aliud.
1067 2053 1131 2103 lu
1162 2052 1292 2104 alte·

267 2149 388 2182 rum
411 2132 776 2185 seminarium.
807 2131 986 2185 Hsnn.

351 2210 382 2260 3
394 2231 421 2264 2
433 2250 446 2262 .
472 2211 687 2282 Operose
692 2217 896 2282 proecipi
915 2211 1138 2263 arbiemr.
1159 2210 1292 2264 Cato

268 2308 384 2360 cap.
409 2307 557 2344 κινῐ.
591 2293 794 2344 Daue.

347 2371 472 2423 XV.
511 2390 562 2424 1.
592 2371 855 2424 Ulmorum.
881 2371 1092 2423 Colu'm.
1123 2369 1294 2433 lib.v‚

269 2470 318 2500 c.
348 2454 415 2502 6:
439 2449 750 2503 «samaram
783 2449 1013 2512 deinde,
1038 2467 1156 2522 quae
1183 2451 1293 2520 jam

267 2528 556 2583 rubicundi
581 2529 778 2585 coloris
805 2530 928 2592 erit,
959 2542 1013 2583 et
1051 2529 1292 2600 complu-

267 2611 416 2663 ribus
441 2610 667 2663 insolata
695 2610 914 2675 diebus,
957 2621 1015 2663 ut
1059 2610 1291 2681 aliquem

265 2703 446 2743 tamen
467 2708 690 2743 succum
715 2704 768 2744 et
790 2692 1052 2744 lentorem
1075 2689 1292 2753 habeat,

267 2770 566 2839 injiciemus
595 2770 757 2832 areis,
788 2784 843 2824 et
867 2789 952 2822 eas
980 2781 1113 2822 totas
1142 2768 1293 2821 semi·

264 2850 424 2901 nibus
453 2850 618 2921 spisse
640 2862 1014 2921 contegemus:
1034 2862 1196 2921 atque
1216 2848 1291 2900 ita

264 2929 444 2982 cribro
467 2942 678 2999 putrem
712 2940 905 2983 terram
928 2927 1064 2982 duos
1082 2929 1188 2981 alte
1207 2926 1291 2979 di-

265 3010 404 3079 gitos
429 3009 797 3074 incer-nemus,
825 3021 878 3063 et
902 3006 1112 3062 modice
1151 3007 1290 3078 riga-

265 3090 475 3154 bimus,
514 3102 618 3142 etc.
649 3047 897 3161 -Digna
943 3100 1066 3141 sunt
1105 3100 1291 3141 caetera

265 3186 381 3239 qun
405 3170 694 3239 legantur:
723 3169 995 3241 longiora,
1041 3186 1201 3239 quam
1232 3178 1292 3219 ut

264 3249 490 3301 exscribi
519 3248 610 3301 hic
635 3261 896 3320 oporteat.
933 3236 1113 3301 Haut).

346 3348 399 3381 a.
417 3326 661 3394 Ser-enda,
681 3328 831 3381 densa
857 3333 906 3379 in
935 3331 1178 3395 refracto,
1202 3339 1292 3377 ter·

265 3428 320 3459 ra
359 3427 506 3478 super
543 3413 813 3461 minutatim
848 3408 1078 3461 cribrata.
1124 3408 1293 3461 Vetus

263 3488 424 3541 lectio
437 3486 690 3541 -serenda
702 3487 862 3541 densa
877 3488 1178 3552 inarefacts,
1190 3498 1294 3541 ter-

267 3586 320 3619 ra
345 3586 512 3641 snper
541 3568 747 3620 minuta
767 3568 1100 3621 incribrata.»
1131 3568 1288 3621 Puta·-

345 3648 398 3701 3.
429 3648 494 3701 In
525 3650 751 3715 nse-acto.
793 3647 908 3701 Hoc
935 3661 1038 3711 est..
1068 3648 1123 3699 in
1152 3660 1291 3701 terra

269 3726 465 3797 bipalio
497 3726 758 3799 pastinata
775 3766 791 3790 ,
808 3725 1087 3799 diligenter
1113 3740 1292 3781 occata

269 3818 319 3857 et
356 3807 622 3870 resoluta,
674 3821 728 3860 et
769 3807 824 3858 in
854 3824 1029 3859 aream
1074 3805 1289 3859 demum

269 3884 684 3958 composits.ffis
709 3886 850 3939 enim
883 3886 1053 3939 verbis
1077 3886 1288 3940 Colum.

269 3964 370 4017 vim
396 3968 514 4037 ejus
541 3966 695 4019 verbi
727 3967 1006 4038 explanat,
1037 3966 1072 4018 l.
1100 3984 1148 4019 c.
1180 3966 1247 4018 Η.

345 4053 394 4108 6.
425 4046 778 4099 Cmssitudim.
803 4045 1077 4111 Pollicari,
1115 4057 1174 4098 ut
1215 4044 1293 4099 di·

271 4137 404 4179 ctum
431 4140 508 4181 est
529 4144 649 4197 cap.
678 4144 796 4197 sup.
823 4126 878 4179 in
904 4126 1178 4198 cupressis.
1221 4124 1288 4179 R.

1466 1811 1518 1864 5.
1542 1811 1834 1880 Rigandum.
1866 1811 2147 1865 Columell.
2176 1811 2281 1865 loc.
2314 1813 2407 1866 eit.

1389 1917 1410 1936 ι-
1440 1893 1638 1943 AEstate
1682 1889 1878 1943 deinde
1904 1925 1921 1952 ‚
1976 1890 2285 1963 priusquam
2328 1894 2407 1945 sol

1380 1972 1605 2036 oriatur,
1626 1983 1717 2023 aut
1738 1969 1805 2023 ad
1832 1988 2113 2040 vesperum
2130 2008 2145 2032 ,
2182 1972 2411 2024 semina-1

1381 2050 1460 2102 ria
1499 2049 1779 2120 conspergi
1805 2050 1985 2120 potius
2002 2089 2018 2113 ,
2057 2068 2219 2120 quam
2248 2051 2407 2120 rigari

1382 2127 1598 2182 debent.
1622 2155 1644 2175 ι
1679 2130 1860 2181 Ilsnn.

1464 2212 1517 2262 6.
1536 2209 1838 2276 Deserendoe.
1848 2207 1927 2260 Ex
1940 2208 2157 2274 areolis,
2181 2209 2275 2262 uhi
2296 2227 2407 2262 cre·

1349 2279 1356 2292 ’
1381 2307 1530 2352 vere,
1555 2301 1607 2342 et
1633 2288 1790 2341 sulcis
1819 2287 1912 2351 iis,
1935 2289 1991 2340 in
2012 2286 2159 2341 aliud
2182 2289 2405 2342 semina-

1379 2369 1519 2421 rium
1547 2381 1669 2438 post
1696 2386 1894 2420 annum
1922 2367 2295 2422 transferendae
2311 2381 2406 2435 ‚ut

1379 2446 1446 2500 de
1473 2448 1735 2518 cupressis
1769 2447 1973 2500 dictum
2012 2459 2091 2500 est
2134 2467 2251 2519 cap.
2284 2467 2403 2520 sup.

1381 2529 1562 2581 Venas
1587 2546 1831 2581 arearum
1879 2539 2033 2581 vocat
2080 2546 2223 2581 areas
2266 2528 2403 2598 ipsas

1379 2609 1538 2679 longo
1570 2620 1741 2661 tractu
1772 2606 1977 2660 ductas.
2026 2607 2114 2660 Sic
2157 2626 2313 2661 venas
2344 2609 2402 2661 in

1378 2687 1602 2740 metallis
1618 2687 1863 2742 dicimus.
1886 2688 1964 2739 Ita
1986 2705 2148 2758 porro
2166 2688 2319 2741 MSS.
2333 2690 2399 2739 R.

1380 2767 1617 2821 Colbert.
1644 2780 1745 2820 etc.
1768 2786 1874 2820 non
1895 2766 2198 2833 diffisi-endec.
2216 2768 2403 2820 Ulma-

1377 2847 1520 2900 rium
1551 2847 1691 2899 Galli
1718 2860 1931 2911 vocant,
1965 2866 2055 2898 une
2085 2850 2291 2911 ommis,
2322 2846 2404 2899 lo-

1379 2946 1500 2980 cum
1527 2926 1687 2981 ulmis
1714 2927 1998 2980 consitum.
2025 2925 2205 2980 Hann.

1460 3026 1516 3076 7.
1563 3007 1689 3058 Post
1730 3026 1923 3059 aemam.
1961 3006 2247 3058 Columell.
2285 3006 2321 3058 l.
2350 3026 2401 3059 c.

1380 3086 1607 3151 «Quum
1627 3100 1839 3140 ternum
1860 3083 2059 3157 pedum
2080 3085 2272 3156 plantae
2294 3086 2403 3137 fuc-

1378 3167 1518 3230 rint‚
1561 3166 1619 3217 in
1654 3164 1797 3220 aliud
1847 3164 2187 3217 seminarium
2232 3177 2403 3217 trans·-

1378 3245 1506 3298 ferri
1534 3243 1749 3298 debent.
1775 3272 1797 3293 ι
1837 3244 2019 3297 Ham).

1461 3328 1515 3379 8.
1544 3324 1737 3377 Pedalc'.
1762 3323 2045 3379 Columell.
2077 3347 2099 3370 ιι
2116 3323 2402 3395 Oportebit

1379 3423 1489 3458 non
1511 3405 1768 3457 maximos
1778 3401 2109 3457 scrobiculos
2132 3403 2402 3475 sesquipe-

1379 3484 1448 3539 de
1469 3485 1608 3537 inter
1631 3502 1687 3538 se
1720 3483 1971 3538 distantes
1997 3482 2197 3536 fodere.
2219 3508 2243 3531 ι
2276 3483 2344 3536 Η.

1462 3584 1514 3634 9.
1545 3565 1758 3618 Maricas
1786 3565 1935 3616 ulmos
1966 3575 2210 3616 autumno.
2236 3563 2401 3628 Queis

1379 3645 1510 3699 vites
1533 3645 1706 3716 aptius
1724 3634 2067 3707 muniantur,
2094 3657 2154 3697 ut
2174 3656 2295 3696 sunt
2324 3643 2403 3695 ul·

1380 3726 1455 3779 mi
1483 3725 1675 3779 Atinio
1697 3764 1713 3789 ‚
1741 3743 1859 3796 quae
1906 3723 2268 3777 excelsissimo
2291 3760 2307 3787 ‚
2342 3736 2401 3775 ut

1379 3804 1584 3859 dictum
1610 3818 1687 3859 est
1717 3806 1755 3857 l.
1787 3805 1953 3867 XVI,
1982 3821 2033 3856 c.
2067 3822 2158 3873 ²9·
2187 3801 2399 3856 Colum.

1377 3886 1479 3940 loc.
1507 3886 1649 3940 citat.
1683 3912 1705 3932 ι
1722 3884 1947 3937 Possunt
1973 3883 2130 3935 etiam
2170 3881 2403 3935 collecta

1377 3984 1498 4019 eum
1525 3965 1788 4035 stirpibus
1812 3965 2005 4034 plantae
2032 3960 2217 4015 endem
2240 3960 2404 4013 ratio·-

1377 4064 1446 4097 ne
1474 4044 1723 4117 disponi:
1748 4042 1894 4113 quod
1933 4042 1989 4094 in
2033 4040 2211 4094 Atinia
2254 4040 2404 4092 ulmo

1381 4125 1498 4179 fleri
1539 4142 1750 4177 necesse
1782 4135 1890 4188 est,
1924 4139 2041 4192 qum
2071 4138 2179 4173 non
2213 4118 2406 4173 seritur
