3150 5150
791 499 947 578 536
1314 507 1392 576 C.
1445 503 1795 576 PLINII
1846 506 2073 576 NAT.
2127 505 2393 574 HIST.

787 635 1087 710 culus-5³⁹
1121 635 1286 706 illini
1319 661 1476 708 cum
1503 651 1709 724 rutae,
1738 635 2071 708 coriandri
2090 691 2112 724 ,
2150 650 2217 706 et
2252 634 2405 706 salis
2432 635 2607 705 mica
2628 687 2653 721 ,
2688 633 2931 703 hordei

787 742 1022 814 farina.
1061 743 1250 838 Aqua
1267 739 1318 767 ¹⁰
1355 767 1623 840 quoque
1668 743 1810 838 ejus
1842 743 2153 830 decocta,
2191 765 2433 814 nervos
2474 738 2933 834 artimlosque

783 849 952 920 mire
971 850 1192 945 juvari
1210 902 1231 937 ,
1265 849 1319 920 si
1347 849 1747 920 foveantur¹¹
1788 848 2066 922 vulnera
2089 901 2110 933 ,
2144 863 2213 918 et
2236 848 2548 933 recentia,
2570 861 2641 918 et
2665 861 2927 924 vetera,

783 955 984 1026 etiam
1015 955 1508 1044 carcinomata,
1547 979 1696 1051 quae
1725 953 1922 1026 nullis
1966 954 2109 1026 aliis
2150 954 2647 1024 medicamentis
2700 955 2929 1023 sanari

781 1061 1058 1182 possint.
1101 1062 1338 1134 Foveri
1376 1063 1560 1157 prius
1598 1085 1771 1158 aqua
1808 1060 2023 1132 calida
2048 1061 2281 1156 jubet,
2306 1083 2386 1130 ac
2415 1060 2517 1130 bis
2544 1059 2659 1130 die
2698 1059 2929 1128 tritam

783 1169 1058 1288 imponi.
1111 1169 1222 1238 Sic
1259 1166 1494 1238 etiam'
1503 1166 1815 1240 'fistulas
1830 1221 1851 1255 ‚
1892 1182 1962 1238 et
2001 1165 2223 1238 luxata
2238 1213 2261 1251 ‚
2306 1180 2376 1236 et
2407 1167 2728 1236 humores
2762 1189 2928 1234 evo·

713 1287 748 1345 6
783 1275 964 1363 cari,
1005 1297 1286 1370 qumque
1308 1273 1546 1346 discuti
1580 1299 1770 1397 opus
1784 1275 1884 1344 sit.
1929 1258 2339 1346 Insomnia¹³
2368 1273 2607 1356 etiam,
2632 1269 2925 1366 vigilias-

781 1405 914 1476 que
953 1378 1188 1451 tollere
1226 1379 1610 1468 decoctam,
1660 1381 1715 1450 si
1747 1381 1957 1475 jejuni
1986 1380 2189 1450 edant
2230 1325 2797 1474 quamplurimam
2850 1402 2927 1447 ex

779 1484 966 1572 oleo,
1005 1501 1078 1556 et
1118 1485 1275 1558 sale.
1319 1487 1641 1558 Tot-mina
1662 1473 1745 1572 ¹⁴,
1790 1487 1847 1558 si
1886 1485 2163 1557 decocta
2205 1486 2445 1564 iterum
2486 1484 2925 1580 decoqmtur,

779 1591 1008 1664 addito
1053 1589 1240 1712 oleo,
1286 1589 1458 1679 sale,
1497 1593 1808 1681 cumino,
1852 1590 2139 1688 polenta.
2188 1593 2255 1662 Si
2298 1592 2391 1660 ita
2430 1605 2741 1661 sumatur
2788 1593 2925 1660 sine

779 1721 986 1818 pane,
1015 1699 1224 1794 magis
1259 1699 1698 1794 profuturam.
1726 1646 1913 1769 lriter
1934 1683 2255 1794 reliqua*
2284 1696 2483 1766 bilem
2509 1696 2779 1768 detrahi
2808 1721 2929 1792 per

779 1806 1011 1875 vinum
1047 1805 1311 1924 nigrum
1349 1819 1528 1900 pota.
1565 1805 1749 1894 Quin
1780 1789 1909 1875 et¹⁶
1938 1805 2199 1874 urinam
2226 1803 2369 1898 ejus
2408 1805 2523 1898 qui
2560 1801 2919 1872 brassicam

781 1912 1144 1997 esitaverit‚
1173 1912 1490 1982 asservari
1509 1909 2140 2006 ‚calefactamque¹⁷
2180 1910 2401 1982 nervis
2432 1909 2737 1980 remedio
2758 1933 2918 1978 esse.

781 2017 1010 2090 Verba
1072 2019 1276 2113 ipsius
1327 2017 1671 2112 subjiciam
1689 2070 1710 2104 ,
1770 2016 1851 2086 ad
1910 2015 2406 2112 exprimendam
2466 2018 2915 2087 sententiam:

867 2276 925 2328 9.
955 2255 1291 2310 Atticulae-iis.
1313 2257 1397 2310 Ita
1415 2255 1567 2310 MSS.
1601 2273 1812 2312 omnes.

782 2336 926 2392 Ptin.
962 2336 1086 2389 Val.
1143 2336 1498 2390 articularibus.
1551 2334 1809 2402 Quadam

783 2415 1004 2471 Catonis
1011 2416 1330 2489 exemplaria
1349 2418 1653 2469 aniculamm
1672 2435 1813 2470 mor-

782 2495 920 2550 bum
943 2495 1157 2548 babent.
1182 2497 1361 2550 Hsau.

873 2592 958 2628 ιο.
987 2575 1154 2647 Aqua.
1182 2575 1323 2630 Plin.
1349 2577 1469 2628 Vai.
1497 2575 1604 2642 IV,
1633 2595 1723 2644 ²9·
1745 2573 1809 2629 H.

873 2670 964 2707 ιι.
981 2652 1042 2706 51·
1041 2656 1318 2721 sonantur.
1329 2656 1482 2715 Cato.
1493 2673 1610 2726 cap.
1629 2672 1807 2721 curig

786 2733 926 2789 Plin.
972 2732 1094 2785 val.
1125 2734 1235 2799 111,
1292 2753 1400 2799 υς
1445 2732 1705 2789 Paxamus
1753 2736 1809 2788 in

789 2812 964 2884 Gcop.
995 2812 1032 2867 1.
1061 2830 1108 2865 c.
1133 2812 1313 2867 Hm.

875 2910 962 2947 n.
985 2890 1069 2947 Sic
1088 2896 1250 2945 etiam.
1291 2895 1523 2965 Recepta
1555 2892 1808 2947 hactenus

786 2971 946 3027 lectio
972 2971 1328 3043 ejuscemodi,
1345 2973 1466 3026 usic
1478 2973 1637 3026 etiam
1666 2972 1811 3027 fistu-

788 3052 865 3105 las
886 3052 1120 3107 eluxatas
1135 3092 1152 3118 ,
1189 3064 1244 3106 et
1264 3066 1498 3107 tumores
1526 3052 1757 3107 evocari.
1778 3078 1801 3100 ι

791 3132 872 3186 At
912 3150 1031 3203 quo
1081 3132 1276 3187 fistula!
1338 3132 1560 3186 eluxntoe
1619 3130 1813 3187 audito

789 3230 1048 3284 umquam
1097 3212 1297 3267 fua-int
1320 3252 1338 3278 ,
1392 3224 1487 3267 ant
1532 3231 1662 3266 vero
1702 3230 1813 3266 esse

791 3292 1021 3363 posint,
1073 3293 1237 3364 quive
1257 3305 1498 3347 tumores
1526 3290 1780 3347 evocandi
1796 3329 1812 3356 ,

789 3388 902 3424 non
926 3372 1051 3425 satis
1076 3372 1334 3445 intelligo.
1370 3372 1576 3427 Locum
1607 3370 1814 3426 sanavi·

791 3468 912 3503 mus
935 3468 1002 3503 ex
1026 3462 1240 3505 auctore
1269 3452 1498 3523 gemino.
1534 3452 1633 3505 Ille
1666 3451 1815 3505 enim

725 3540 734 3549 '
790 3530 886 3601 qui
913 3530 1117 3583 Plinius
1144 3530 1326 3584 Valer-
1360 3530 1536 3586 dictus
1581 3542 1685 3597 est,
1709 3532 1812 3597 IV,

795 3607 1216 3677 29,deBrassica
1237 3628 1251 3662 ε
1275 3635 1298 3658 ι
1324 3610 1574 3673 Fistulas,
1602 3609 1808 3682 inquit,

790 3700 950 3761 atque
999 3689 1183 3742 luxata
1243 3687 1460 3743 discutit
1485 3728 1500 3754 ,
1557 3690 1810 3743 humores

787 3780 884 3823 ant
919 3780 1130 3835 evocat,
1165 3780 1256 3822 ant
1299 3769 1494 3839 spargit
1531 3768 1807 3839 imposita,

787 3848 1054 3903 insomnia
1082 3860 1238 3920 atque
1267 3848 1471 3919 vigilias
1495 3847 1807 3918 compescit,

787 3940 888 3983 cte.
923 3956 946 3977 ι
980 3931 1113 3984 Cato
1131 3946 1258 3981 vero
1279 3968 1293 3991 ,
1327 3946 1443 3999 cap.
1482 3946 1667 3981 czvn:
1700 3953 1723 3975 ι
1749 3928 1803 3980 Si

786 4026 976 4064 cancer
1005 4023 1115 4063 ater
1139 4020 1248 4074 eat,
1277 4008 1322 4062 is
1346 4008 1486 4073 olet,
1520 4020 1574 4061 et
1608 4006 1806 4059 saniem

784 4106 1028 4161 spurcam
1057 4089 1244 4156 mittit3
1264 4088 1312 4141 si
1341 4088 1517 4152 albus,
1547 4086 1806 4158 purulen-

785 4178 870 4221 tus
895 4182 990 4224 est.
1043 4167 1147 4223 Sed
1183 4168 1225 4221 si
1271 4168 1536 4223 fistulosus
1555 4206 1573 4233 ‚
1622 4167 1806 4222 subtus

1894 2267 2159 2328 suppurat
2188 2254 2291 2308 snb
2313 2271 2491 2309 carne.
2520 2255 2591 2307 In
2612 2271 2679 2308 ea
2708 2253 2917 2308 vulnera

1894 2333 2260 2406 hujuscemodi
2270 2347 2385 2388 tere
2398 2333 2687 2388 brassicam
2702 2373 2721 2398 ,
2738 2353 2913 2386 ιιιιιιιιι

1896 2416 2048 2469 faciet
2077 2455 2092 2468 .
2111 2454 2125 2468 .
2150 2457 2163 2468 .
2197 2413 2265 2466 Et
2286 2414 2525 2467 luxatum
2558 2413 2607 2466 si
2632 2412 2787 2486 qnod
2810 2425 2911 2478 est,

1896 2495 1977 2549 bis
2026 2492 2114 2548 die
2162 2492 2333 2546 calida
2379 2495 2591 2560 foveto,
2636 2493 2914 2548 bra-imm

1900 2578 2076 2630 tritam
2118 2573 2377 2646 apponite
2410 2592 2425 2627 ι
2472 2573 2581 2629 cito
2624 2592 2817 2629 sanum
2843 2573 2913 2627 ra·

1892 2656 2013 2709 ciet.
2044 2680 2067 2703 ι
2102 2654 2279 2707 Han.

1982 2752 2005 2787 1
2018 2732 2071 2788 3.
2087 2734 2331 2786 Ιωοιιιηὶσ
2348 2736 2494 2786 etia-m
2512 2734 2815 2806 vc’giHasqae
2830 2733 2913 2785 rol-

1896 2816 2007 2868 lere.
2039 2814 2173 2868 Cato
2198 2812 2235 2867 l.
2264 2830 2311 2867 c.
2339 2814 2520 2867 Hanc.

1982 2913 2005 2949 ι
2019 2900 2071 2958 4.
2094 2894 2338 2946 Tot-mina.
2352 2892 2483 2945 Cato
2498 2932 2514 2959 ,
2530 2910 2696 2964 capp.
2724 2910 2842 2946 cui
2860 2902 2909 2943 et

1894 2991 2063 3029 οινιι.
2089 2970 2272 3026 Hm).

1980 3071 2005 3107 ι
2018 3053 2071 3107 5.
2102 3054 2239 3105 Inter
2256 3052 2440 3124 reliqua
2459 3052 2605 3105 bilem
2626 3052 2821 3103 demi&
2832 3070 2915 3121 per

1894 3136 2060 3187 vinum
2092 3134 2281 3202 nigrum
2316 3146 2469 3203 pom,
2496 3144 2602 3186 etc.
2632 3132 2701 3183 In
2732 3131 2906 3185 tormi-

1894 3213 2053 3266 nibus
2066 3251 2083 3277 ,
2098 3212 2232 3266 citra
2252 3212 2453 3265 febrem
2467 3251 2484 3280 ,
2506 3222 2633 3283 post
2650 3223 2907 3282 sumptam

1896 3291 2179 3345 brassicam
2235 3291 2423 3345 vinnm
2488 3304 2667 3345 atrum
2747 3291 2904 3344 statim

1900 3374 2035 3426 Cato
2076 3370 2201 3436 dat,
2238 3384 2293 3425 et
2340 3388 2539 3443 ogmm
2582 3370 2657 3423 ita
2688 3370 2799 3423 cito
2832 3387 2903 3422 sa·

1897 3470 2029 3505 num
2062 3451 2178 3505 fleri
2206 3450 2403 3504 asserit.
2433 3450 2782 3522 Negligenter
2806 3449 2907 3503 bac

1898 3530 2121 3584 Plinius.
2158 3532 2292 3584 Dar..
2320 3562 2402 3574 ——-
2430 3532 2581 3584 later.
2604 3530 2739 3582 Hac
2762 3528 2906 3600 paulo

1897 3610 2218 3665 enucleatius
2246 3610 2380 3663 Cato
2400 3652 2417 3674 ,
2444 3628 2561 3681 cap.
2596 3626 2747 3661 αιπ.
2772 3606 2835 3660 11.

1983 3694 2072 3745 16.
2094 3690 2229 3761 Quin
2246 3702 2308 3742 ee.
2326 3690 2486 3753 Cato,
2514 3707 2635 3759 cap.
2656 3706 2824 3741 cavn.
2840 3686 2901 3739 H.

1984 3786 2071 3840 17.
2114 3768 2503 3843 Calefactamque
2516 3808 2533 3833 ‚
2584 3780 2689 3821 etc.
2740 3768 2903 3819 Locus

1894 3848 1985 3902 bic
2005 3861 2261 3903 monstrat
2282 3848 2565 3920 legendum
2586 3845 2734 3919 apud
2760 3848 2904 3901 Cato·

1894 3946 2017 3981 nem
2052 3946 2067 3981 ε
2121 3955 2146 3978 ι
2176 3928 2245 3982 Et
2289 3928 2424 3994 boc,
2460 3928 2507 3982 si
2546 3926 2765 3999 quando
2806 3944 2897 3978 usu

1893 4008 2097 4061 venerit
2119 4045 2136 4073 ,
2184 4008 2283 4081 qni
2320 4010 2501 4063 nervis
2539 4006 2733 4061 dabilis
2774 4018 2902 4067 erat,

1894 4088 2010 4141 hae
2032 4105 2116 4141 res
2134 4106 2319 4143 sanum
2340 4089 2513 4143 facere
2538 4100 2739 4161 potest,
2758 4098 2847 4139 etc.
2870 4108 2893 4131 ι

1895 4170 2097 4221 Daue.
