3150 5150
990 578 1296 647 LIBER
1343 580 1640 649 XVIII.
2236 578 2376 665 3745

234 713 437 781 ribus
483 710 715 781 diebus
762 709 1191 804 permanebit.
1245 710 1640 806 Aquilonem
1685 712 2080 805 praenuntiat
2107 710 2156 763 ¹³-
2202 727 2381 783 terra

236 820 617 889 siccescens
650 830 957 911 repente,
994 819 1311 885 Austrum
1348 816 1742 887 humescens
1776 841 1928 885 rore
1960 816 2247 888 occulto.

360 925 749 994 LXXVIII.
774 912 1051 1012 (xxxV.)
1074 924 1335 992 Etenim
1363 923 1675 1017 praedicta
1706 937 2056 993 ventorum
2092 927 2382 1013 ratione,

238 1054 341 1099 ne
385 1024 622 1124 saepius
658 1027 899 1098 eadem
942 1027 1277 1116 dicantur,
1320 1030 1600 1099 transire
1648 1030 1959 1099 convenit
2006 1029 2089 1098 ad
2131 1030 2383 1125 reliqua

236 1150 723 1231 tempestatum
766 1135 1085 1230 praesagia
1103 1187 1124 1219 ,
1162 1135 1473 1229 quoniam
1516 1148 1586 1205 et
1632 1136 1763 1205 hoc
1803 1134 2126 1231 placuisse
2163 1140 2384 1233 Virgi-

240 1240 382 1312 li0¹
424 1264 829 1337 magnopere
867 1240 1081 1310 video.
1117 1240 1455 1336 Siquidem
1492 1243 1561 1311 in
1597 1243 1739 1337 ipsa
1770 1266 1980 1311 messe
2017 1266 2188 1338 saepe
2221 1268 2384 1314 con-

240 1374 529 1419 currere
584 1347 809 1443 praelia
850 1361 1201 1417 ventorum
1236 1346 1555 1418 damnosa
1604 1350 1924 1444 imperitis
1966 1348 2187 1418 refert.
2237 1352 2390 1419 Tra·-

240 1454 429 1525 dunt
465 1455 771 1524 eumdem
807 1456 1271 1523 Democritum
1315 1468 1604 1525 metente
1638 1453 1841 1523 fratre
1881 1455 2022 1548 ejus
2052 1453 2385 1527 Damaso²

240 1560 723 1631 ardentissimo
750 1574 911 1630 aestu
942 1583 1196 1647 orasse,
1224 1574 1302 1628 ut
1328 1557 1594 1656 reliquae
1623 1562 1828 1656 segeti
1851 1575 2177 1657 parceret,
2201 1586 2386 1655 rape-

244 1683 495 1762 retque
520 1666 783 1737 desecta
806 1665 932 1735 sub
956 1680 1243 1754 tectum,
1283 1670 1511 1761 paucis
1554 1692 1711 1736 mox
1743 1668 1929 1737 horis
1966 1692 2142 1737 saevo
2175 1668 2386 1737 imbre

242 1775 727 1845 vaticinatione
774 1773 1161 1868 approbata.
1218 1774 1401 1863 Quin
1450 1776 1653 1845 immo
1679 1788 1774 1843 ·et
1814 1774 2204 1857 arundinem
2251 1800 2388 1843 non

242 1882 387 1949 nisi
414 1879 835 1975 impendente
864 1878 1087 1974 pluvia
1114 1881 1243 1951 seri
1264 1880 1501 1972 jubent
1520 1934 1541 1968 ‚
1583 1895 1652 1949 et
1697 1879 1920 1975 fruges
1955 1882 2388 1975 insequuturo

244 1986 493 2056 imbre.
536 1985 991 2075 Quamobrem
1022 1999 1091 2054 et
1127 1985 1271 2055 haec
1312 1986 1606 2057 breviter
1639 1988 2039 2081 attingemus
2058 2040 2077 2075 ,
2117 1990 2390 2057 scrutati

246 2093 548 2163 maxime
572 2094 995 2187 pertinentia:
1018 2093 1439 2187 primumque
1463 2118 1503 2163 a
1530 2092 1667 2182 sole
1689 2095 2024 2188 capiemus
2050 2095 2386 2188 praesagia.

242 2202 477 2269 Purus
510 2184 790 2286 oriens³‚
814 2212 1013 2292 atque
1048 2222 1185 2291 non
1213 2198 1475 2269 fervens
1496 2254 1515 2287 ,
1542 2222 1848 2269 serenum
1883 2198 2056 2269 diem
2091 2202 2388 2268 nuntiat:

248 2319 333 2373 at
363 2304 709 2375 hibernam
748 2304 1029 2400 pallidus
1066 2304 1473 2400 grandinem.
1514 2308 1682 2376 siet
1715 2292 1993 2375 occidit⁴
2035 2305 2251 2400 pridie
2293 2330 2392 2375 se·

248 2434 465 2481 renus
483 2464 501 2492 ‚
528 2426 598 2483 et
634 2412 870 2499 oritur,
908 2425 1096 2481 tanto
1132 2413 1375 2481 certior
1410 2412 1575 2482 fides
1615 2413 2000 2483 serenitatis.
2039 2416 2392 2483 Concavus

248 2504 523 2588 oriens⁵
576 2516 833 2614 pluvias
874 2517 1171 2613 praedicit
1203 2544 1218 2586 :
1262 2517 1439 2590 idem
1486 2534 1722 2590 ventos
1737 2503 1787 2601 ⁶,
1840 2544 2048 2614 quum
2084 2532 2238 2589 ante
2278 2543 2392 2588 ex-

248 2626 587 2696 orientem
628 2649 781 2696 eum
824 2624 1036 2696 nubes
1072 2625 1468 2696 rubescunt:
1498 2626 1682 2722 quod
1717 2629 1773 2698 si
1814 2640 1880 2696 et
1917 2628 2121 2721 nigrae
2159 2625 2398 2694 ruben-

355 2885 381 2922 ι
394 2888 447 2922 a.
474 2869 762 2941 Aquilonem
790 2873 1092 2940 proeriuuu‘at
1130 2879 1257 2920 ten-a
1273 2909 1291 2934 ,

252 2960 373 3002 etc.
416 2949 571 3020 Legit
611 2950 879 3003 Robertus
914 2949 1213 3021 Stephanus
1237 2949 1297 3017 ip

184 3097 192 3103 ᾖ
252 3029 603 3084 Dictionsrio
627 3048 643 3080 ι
672 3054 696 3077 ι
717 3028 1037 3100 Aquilonem
1064 3047 1299 3099 pronun·

255 3108 367 3162 tint
394 3120 532 3161 ten-s
558 3108 873 3172 siccescens,
907 3106 1001 3161 sed
1026 3125 1298 3162 rarescens

248 3201 493 3259 repente
522 3189 779 3241 Austrum
812 3187 1074 3242 immiscet
1114 3188 1299 3240 hume·

254 3285 421 3321 scens
444 3268 501 3320 in
524 3285 647 3322 rme
667 3267 898 3322 occulto.
922 3293 945 3316 a·
974 3266 1139 3322 Unde
1160 3268 1299 3321 hanc

252 3347 551 3402 lectionem
579 3365 710 3400 eruo
727 3366 745 3402 ι
770 3348 1132 3418 «Aquilonem
1164 3365 1297 3419 prae-

252 3427 490 3481 nuntiat
526 3438 669 3481 terra
714 3426 999 3481 siccescens
1028 3445 1042 3480 :
1071 3427 1299 3480 humore

254 3507 486 3560 occulto
514 3506 801 3560 rorescenti
815 3547 831 3572 ‚
856 3517 1077 3579 repente
1108 3507 1300 3561 Auster

258 3587 538 3639 imminet.
557 3611 580 3634 a·
614 3587 819 3640 Daue.

353 3665 663 3719 LXXVIII.
698 3683 723 3719 1
736 3705 749 3718 .
790 3664 1018 3735 Virgilio.
1050 3665 1296 3738 Georgic-

258 3747 333 3812 1,
366 3763 505 3799 vers.
552 3744 929 3815 3132-Saepe
967 3763 1067 3818 ego
1112 3757 1299 3799 vento-

256 3843 399 3880 rum
423 3841 745 3878 concurrere
768 3825 952 3896 pralia
977 3824 1110 3881 vidi.
1130 3851 1153 3873 n
1189 3825 1262 3878 H.

360 3925 414 3958 s.
435 3903 675 3956 Damaso.
691 3905 875 3958 Refert
892 3904 999 3958 hoc
1018 3905 1193 3978 ipsum
1215 3905 1297 3958 Cl-

262 3981 541 4039 Alexand.
572 3983 767 4037 Strom.
804 3984 900 4038 lib.
923 3984 1037 4049 VI,
1067 4004 1123 4056 p.
1154 3983 1262 4038 631
1284 4023 1303 4048 ,

262 4065 371 4118 ubi
390 4075 445 4118 et
470 4065 757 4118 Damasum
778 4064 997 4118 fratrem
1012 4064 1303 4134 Democriti

264 4155 467 4196 vocat:
490 4143 733 4198 laertius
764 4161 985 4216 quoque
1023 4143 1079 4196 in
1103 4147 1303 4198 Demo·

268 4224 415 4278 crito
435 4260 452 4288 ,
476 4223 573 4278 lib.
612 4224 723 4289 lx,
748 4241 870 4296 pag.
912 4229 1041 4294 247.
1074 4225 1145 4280 H.

1444 2869 1500 2922 3.
1522 2868 1688 2922 Purus
1715 2871 1891 2934 oriens,
1910 2881 2014 2923 etc.
2037 2869 2392 2924 conf-Theo·

1362 2947 1563 3020 phi-ast.
1608 2948 1704 3002 lib.
1757 2946 1824 3001 de
1863 2949 2012 3022 Sign.
2053 2967 2225 3004 seren.
2257 2969 2382 3022 pag.

1371 3047 1395 3082 1
1410 3029 1499 3083 28.
1528 3027 1713 3082 Ham).

1446 3116 1497 3173 4.
1526 3106 1586 3160 Si
1613 3119 1663 3159 ee
1689 3107 1882 3161 oceae'de't.
1905 3107 2260 3179 Theophrast.
2285 3108 2386 3163 loc.

1365 3187 1455 3242 cit.
1480 3186 1667 3239 Hau).
1690 3255 1698 3258 -

1450 3268 1501 3322 5.
1542 3266 1789 3320 Concava:
1835 3270 2007 3320 oriens.
2039 3266 2134 3320 sol
2183 3267 2396 3323 abditus

1365 3346 1422 3401 in
1456 3363 1586 3401 cavo
1613 3346 1790 3400 nubis.
1814 3345 2174 3418 Theophrast.
2197 3345 2294 3401 lib.
2322 3347 2394 3403 de

1366 3427 1434 3480 de
1464 3425 1614 3497 Sign-
1645 3439 1786 3480 vent.
1831 3445 1887 3498 p.
1939 3445 1964 3479 1
1983 3428 2071 3480 18.
2103 3427 2394 3500 Virgilius,

1367 3506 1616 3577 Georgic.
1651 3506 1714 3572 1,
1750 3523 1890 3559 vers.
1931 3511 2042 3570 441
2071 3525 2087 3560 t
2123 3533 2146 3555 ι
2173 3507 2274 3560 me
2301 3509 2393 3561 ubi

1364 3597 1667 3640 nascentem
1681 3585 1906 3639 maculis
1917 3585 2200 3641 variaverit
2213 3601 2392 3642 ortum

1367 3667 1644 3721 Concavus
1669 3661 1932 3730 (conditus)
1955 3666 2014 3719 iu
2035 3669 2234 3720 nubem
2255 3707 2272 3733 ‚
2287 3687 2397 3720 me-

1368 3745 1563 3817 dicque
1581 3745 1837 3816 refugerit
1853 3747 1986 3800 othe
2000 3784 2018 3811 ,
2036 3745 2277 3818 suspecti
2297 3748 2393 3802 tibi

1368 3827 1477 3880 sint
1497 3826 1729 3890 imbres,
1763 3839 1862 3894 etc.
1886 3852 1910 3876 ι
1948 3825 2127 3881 Rutu.

1452 3911 1505 3960 6.
1516 3905 1650 3958 Idem
1665 3919 1849 3960 ventos.
1861 3907 2046 3959 Festus
2060 3907 2229 3958 Rufus
2247 3906 2398 3958 Arati

1370 3987 1664 4058 interpres,
1691 4003 1740 4039 ν.
1763 3985 1908 4039 256:
1934 4012 1956 4033 ι
1975 3986 2134 4056 Ignoe
2157 3983 2199 4037 si
2224 3985 2401 4056 fulgor

1370 4066 1651 4139 procurrit
1697 4065 1962 4135 plurimus
2008 4083 2132 4130 ora,
2165 4063 2402 4118 Flamina

1375 4147 1559 4199 crebra
1595 4145 1718 4198 salis
1756 4143 2008 4216 quatiunt
2037 4141 2168 4198 vada
2185 4181 2203 4209 ,
2245 4155 2345 4198 etc.
2377 4173 2398 4192 .

1384 4223 1561 4278 Esau.
