3150 5150
1000 464 1016 527 Ι

820 550 1129 619 LIBER
1178 552 1497 620 XVIII.

2088 549 2216 620 281

104 685 268 753 Sunt
296 682 411 777 qui
446 696 515 751 et
538 695 691 751 ante
722 679 1165 775 Vergiliarum
1198 705 1509 753 oceasum
1538 682 1666 751 seri
1687 680 1967 775 jubeant
1984 734 2005 769 ‚
2041 680 2238 751 dum--

108 803 283 858 taxat
312 789 380 857 in
400 787 587 857 arida
611 801 787 857 terra
806 838 827 871 ‚
867 786 1223 883 calidisque
1251 789 1643 883 provinciis:
1673 772 2028 857 custodiri⁶
2049 789 2226 859 enim

110 920 327 965 semen
343 947 364 982 ‚
412 906 881 988 corrumpente
917 893 1262 981 humore⁷‚
1302 908 1369 963 et
1400 919 1443 965 a
1484 895 1788 990 proximo
1833 892 2046 963 imbre
2092 917 2228 963 uno

110 1002 213 1071 die
248 1024 614 1096 erumpere.
670 998 799 1069 Alii
844 1000 1065 1069 statim
1127 1000 1211 1069 ab
1256 1025 1497 1071 occasu
1538 1000 1984 1095 Vergiliarum
2045 1002 2232 1094 sequi

110 1106 347 1177 imbres
364 1160 385 1189 ‚
403 1131 441 1173 a
474 1107 757 1201 septimo
788 1105 925 1175 fere
954 1106 1083 1175 die.
1106 1104 1323 1201 Aliqui
1352 1108 1419 1175 in
1448 1106 1702 1201 frigidis
1723 1105 1807 1175 ab
1839 1107 2232 1200 aequinoctio

114 1212 441 1283 autumni:
468 1214 535 1281 in
564 1209 787 1282 calidis
804 1213 1047 1296 serius,
1073 1236 1161 1283 ne
1182 1227 1337 1283 ante
1355 1212 1641 1282 hiemem
1669 1212 2024 1281 luxurient.
2045 1215 2234 1282 Inter
2265 1225 2301 1278 3

112 1344 339 1389 omnes
366 1332 589 1389 autem
620 1320 935 1389 convenit
952 1320 1129 1389 eirca
1152 1318 1459 1409 brumam
1484 1304 1869 1389 serendum⁸
1899 1343 2033 1387 non
2059 1343 2230 1389 esse:

114 1448 354 1520 magno
392 1438 819 1519 argumente,
853 1425 1165 1519 quoniam
1199 1425 1483 1495 hiberna
1515 1426 1766 1495 semina
1786 1478 1806 1510 ‚
1833 1449 2038 1519 quum
2081 1438 2236 1495 ante

114 1532 417 1601 brumam
438 1546 581 1601 sata
600 1533 766 1618 sint,
791 1532 1071 1625 septimo
1099 1531 1207 1601 die
1234 1546 1624 1627 erumpant:
1649 1533 1702 1601 si
1725 1546 1878 1626 post
1898 1532 2200 1601 brumam
2216 1584 2236 1617 ‚

114 1640 223 1705 vix
249 1637 773 1733 quadragesime.
806 1639 975 1707 Sunt
998 1640 1114 1733 qui
1150 1637 1569 1734 properent⁹‚
1599 1652 1798 1732 atque
1827 1637 1918 1706 ita
1941 1662 2234 1732 pronun-

114 1802 381 1872 Expressit
407 1814 459 1854 et
479 1801 738 1873 Virgilius
760 1801 903 1854 illam
926 1816 1135 1855 senten-

118 1882 239 1933 tiam
262 1881 347 1934 his
378 1881 653 1936 versibus:
668 1907 866 1935 ......
906 1882 1133 1935 hiberno

114 1960 378 2013 letissima
393 1960 613 2033 pulvere
626 1960 784 2027 farra,
796 1961 969 2015 Lotus
986 1979 1133 2032 agei-3

116 2040 263 2093 nullo
280 2054 488 2094 tantum
510 2058 565 2093 se
586 2041 755 2112 Mysia
773 2041 921 2095 cultu
938 2042 973 2093 J
974 2054 1137 2107 aetat,

118 2134 169 2173 et
190 2119 304 2199 ipsa
326 2138 445 2173 suas
458 2120 721 2173 mirantur
743 2120 975 2192 Gargara
1000 2140 1135 2175 mee·

118 2218 215 2253 ses.
236 2224 259 2246 ι
280 2199 418 2253 Cato
440 2218 453 2251 :
473 2200 645 2270 -Agro
664 2200 807 2254 sicco
821 2220 918 2273 per
938 2220 1138 2255 semen-

120 2280 213 2331 tim
226 2316 243 2344 ,
270 2279 397 2333 lato
422 2298 522 2350 per
546 2298 655 2333 ver.
681 2306 704 2327 ι
747 2279 1058 2335 Plutarchus
1077 2282 1135 2336 in

120 2359 321 2423 Quaest.
347 2372 458 2413 nat.
486 2360 579 2413 Διὰ
603 2361 653 2413 τί
670 2364 900 2432 λέγεται,
931 2364 1063 2414 σῖτον
1088 2364 1135 2414 ἐν

118 2444 257 2509 πηλῷ
278 2441 535 2509 out-tuen,
556 2441 643 2499 τὴν
657 2434 715 2492 δὲ
738 2440 893 2510 κριθὴν
915 2442 961 2492 ἐν
986 2442 1137 2505 κόνιις

117 2519 247 2570 ratio
279 2530 387 2582 est,
410 2518 561 2592 quod
588 2521 822 2592 πυρφόρος
843 2518 983 2593 χώρα
1012 2522 1135 2574 πίων

116 2599 197 2651 καὶ
226 2601 434 2670 βαρεῖα,
464 2601 727 2671 κριθοφόρος
758 2597 817 2654 δὲ
848 2603 1029 2670 μᾶλλον
1062 2610 1141 2654 λι-

114 2681 359 2749 ττόγως.
386 2679 669 2746 Camillus,
688 2685 807 2742 παῖς
834 2681 1104 2752 ἀμφιθαλὴς
1120 2717 1135 2739 ‚

73 2773 81 2778 ·
117 2776 252 2828 puer
278 2758 538 2830 patrimus
566 2759 966 2831 mati-imusque.
997 2761 1137 2815 Du..

196 2841 255 2891 6.
306 2838 571 2892 Custodit-i.
612 2839 885 2894 Custodit-i
919 2838 1063 2893 enim
1090 2845 1141 2893 in

116 2918 263 2968 arida
292 2931 422 2970 terra
443 2937 619 2972 semen
644 2959 661 2982 ,
700 2919 1091 2991 quemadmodum
1116 2941 1142 2972 e

114 3001 363 3049 contrario
382 2998 605 3051 humore
629 2999 1006 3069 eoi-rumpitur.
1022 2999 1090 3054 Η.

198 3096 255 3146 7.
274 3077 617 3148 Cor-rumpente
627 3078 1003 3143 humore.Quod
1011 3081 1141 3133 alio-

114 3157 211 3225 qui
224 3156 297 3208 ab
310 3156 535 3211 humore
550 3171 999 3231 corrumperetur.
1010 3160 1145 3213 Sunt

112 3236 231 3289 haec
254 3235 410 3307 apud
435 3237 811 3303 Columellam,
834 3239 869 3292 l.
896 3240 977 3303 11,
995 3257 1045 3292 e.
1066 3242 1099 3294 8
1123 3258 1138 3290 ε

118 3343 143 3362 -
172 3317 235 3368 Si
274 3317 381 3368 seri
410 3330 534 3371 sunt
558 3317 781 3380 imbres,
810 3317 1050 3389 quamvis
1073 3317 1144 3370 si-

110 3396 225 3448 tien
233 3397 275 3448 ti
298 3397 415 3450 solo
425 3409 569 3451 recte
578 3415 757 3450 semen
772 3398 1140 3450 committitur:

108 3473 289 3547 idque
318 3477 475 3530 etiam
496 3477 552 3529 in
579 3476 896 3547 quibusdam
924 3477 1143 3548 provin·

106 3557 241 3618 ciis,
274 3554 377 3608 ubi
400 3567 561 3610 status
580 3556 694 3609 cali
718 3557 836 3610 talis
860 3567 964 3620 est,
990 3575 1144 3610 usur·-

106 3647 293 3706 patur.
326 3636 568 3706 Namque
590 3635 737 3708 quod
760 3637 899 3690 eicco
922 3636 1035 3689 solo
1062 3637 1146 3689 in·

108 3727 330 3786 gestum
352 3727 407 3768 et
441 3717 739 3768 inoccatum
781 3728 858 3770 eat
873 3755 889 3782 ,
923 3713 1147 3787 perinde

104 3814 173 3847 ac
222 3796 271 3846 si
322 3795 611 3866 repositum
652 3795 709 3848 iu
758 3795 955 3849 horreo
975 3833 992 3858 ,
1036 3815 1147 3848 nou

104 3875 513 3946 corrumpitur.
554 3877 725 3947 Atque
755 3875 849 3928 uhi
870 3875 1018 3928 venit
1047 3875 1149 3928 im-

104 3955 214 4006 ber
238 3993 256 4018 ‚
296 3952 595 4008 multorum
641 3953 850 4008 dierum
896 3955 1147 4008 sementis

106 4051 233 4085 uno
258 4031 353 4086 die
375 4035 559 4105 surgit.
584 4061 607 4082 ι·
631 4034 835 4088 Eodem
858 4035 967 4088 fere
988 4051 1148 4089 sensu

106 4113 219 4183 legi
250 4113 347 4166 hic
370 4127 577 4184 posset,
602 4135 697 4166 mm
716 4127 1037 4186 corrumpente
1058 4115 1148 4166 lue-

106 4212 269 4246 more.
306 4193 487 4246 Hann.

1301 1804 1354 1857 8.
1387 1802 1523 1855 Inter
1547 1820 1706 1854 omnes
1728 1812 1885 1853 autem
1912 1804 2127 1853 convenit
2142 1805 2241 1853 cir-

1218 1902 1278 1933 ea
1318 1881 1533 1934 brumam
1566 1881 1815 1934 serendum
1854 1900 1950 1933 non
1979 1902 2093 1934 esse.
2137 1881 2242 1934 Le-

1218 1960 1449 2033 gendum
1480 1960 1697 2015 videtur
1729 1960 1989 2015 alterutro
2035 1960 2200 2014 modo
2223 2000 2240 2026 ‚

1220 2054 1309 2095 aut
1332 2046 1455 2095 ciera
1481 2042 1695 2093 brumam
1713 2040 1960 2093 serendum
1982 2060 2080 2093 esse
2095 2079 2111 2106 ,
2152 2053 2243 2095 aut

1222 2122 1351 2174 ulem
1378 2121 1592 2174 brumam
1617 2120 1862 2173 serendum
1889 2140 1985 2172 non
2017 2140 2132 2172 esse.
2162 2119 2241 2173 Μ.

1221 2202 1424 2259 Varro,
1456 2202 1549 2255 lib.
1572 2202 1630 2265 1,
1653 2220 1767 2271 cap.
1794 2200 1864 2263 34
1887 2216 1901 2252 :
1927 2224 1952 2246 ο
1968 2201 2094 2253 Post
2111 2200 2241 2253 hru-

1221 2299 1363 2334 mam
1389 2281 1493 2334 nisi
1510 2300 1614 2354 qua
1637 2279 1924 2334 necessaria
1945 2296 2099 2333 causa
2125 2298 2245 2335 eoe-

1220 2360 1361 2432 gerit
1385 2380 1495 2415 non
1518 2378 1725 2415 serere:
1749 2358 1897 2431 quod
1922 2371 2129 2412 tantum
2159 2358 2244 2411 in-

1224 2440 1397 2505 tersit,
1426 2453 1488 2494 ut
1530 2452 1653 2494 ante
1683 2440 1927 2492 brumam
1969 2452 2074 2492 sata
2113 2457 2243 2511 qna·

1222 2518 1522 2591 dragesimo
1551 2518 1640 2572 die
1667 2518 1756 2573 vix
1784 2531 1986 2572 exeant.
2009 2542 2032 2564 n
2083 2518 2242 2573 Pin-r·

1222 2633 1303 2644 —
1340 2600 1486 2654 Circa
1530 2600 1761 2655 brutum.
1808 2597 2074 2652 Emendat
2102 2601 2246 2652 hunc

1221 2681 1400 2734 locum
1440 2681 1595 2734 Fulv.
1637 2680 1864 2732 Ursinus
1893 2679 1952 2731 in
1995 2679 2140 2732 Nott.
2175 2677 2244 2732 ad

1224 2761 1383 2814 Varr.
1408 2779 1531 2832 pag.
1562 2762 1662 2826 46,
1692 2777 1752 2812 ac
1771 2761 1899 2815 ciera
1921 2758 2246 2824 brumam,ex

1224 2841 1468 2894 Varrone
1498 2837 1568 2892 de
1597 2841 1676 2892 Re
1717 2832 1886 2892 Rust.'
1912 2838 2007 2891 lib.
2036 2838 2095 2903 1,
2125 2856 2244 2909 cap.

1228 2919 1299 2978 34
1316 2959 1333 2984 ‚
1360 2920 1465 2991 legi
1491 2917 1839 2991 praecipit.At
1868 2916 2131 2991 quidquid
2157 2915 2248 2970 de·

1226 3017 1372 3052 mum
1392 3013 1483 3054 aut
1497 2998 1716 3052 senserit
1733 2998 1907 3050 Varro
1919 3036 1934 3062 ,
1952 3009 2042 3050 aut
2053 2997 2246 3050 sentire

1224 3097 1389 3152 porro
1434 3077 1708 3142 debuerit,
1756 3074 1996 3130 defendit
2037 3077 2246 3147 egregie

1226 3158 1487 3213 librorum
1507 3159 1750 3211 omnium
1771 3167 2100 3210 constantem
2121 3155 2247 3208 seri·

1227 3251 1436 3311 pturam
1464 3237 1777 3290 Columella
1807 3237 1955 3289 locus
1985 3253 2016 3287 e
2041 3235 2135 3287 lib.
2155 3235 2212 3286 11
2230 3272 2247 3297 ,

1226 3337 1342 3390 cap.
1372 3320 1404 3371 8
1422 3355 1439 3383 ,
1474 3317 1625 3386 Quod
1657 3319 1724 3368 sie
1746 3315 2010 3367 seminandi
2035 3325 2212 3384 tempus
2225 3331 2246 3366 .·

1237 3425 1259 3446 ι
1280 3399 1366 3452 Sic
1387 3397 1529 3449 enim
1544 3407 1778 3458 servant,
1801 3395 1998 3466 inquit,
2017 3393 2250 3466 pruden-

1229 3491 1307 3531 tes
1336 3475 1602 3548 agricolae,
1629 3488 1688 3527 ut
1719 3473 2025 3546 quindecim
2059 3471 2248 3526 diebus

1228 3559 1377 3629 prius
1401 3575 1473 3628 qu
1480 3573 1563 3608 am
1576 3553 1892 3607 conficiatur
1909 3555 2102 3607 lii-uma
2117 3590 2133 3617 ‚
2152 3565 2254 3608 tot·

1229 3636 1480 3708 idemque
1506 3650 1628 3706 post
1671 3653 1788 3701 eam
1811 3634 2129 3694 confectam,
2157 3651 2254 3686 ne-

1232 3735 1335 3789 que
1365 3727 1517 3769 arent
1534 3755 1549 3780 ‚
1568 3732 1740 3785 neque
1764 3713 1928 3766 vitem
1951 3726 2071 3779 ,aut
2098 3714 2254 3765 arbo·

1233 3815 1346 3851 rem
1372 3807 1584 3867 putent,
1615 3805 1716 3846 etc.
1739 3819 1762 3840 ι·
1797 3792 1944 3846 Idem
1975 3795 2178 3856 Varro,
2196 3794 2256 3858 1,

1238 3877 1339 3940 35,
1380 3875 1570 3928 diebus
1611 3886 1734 3926 ante
1773 3887 1826 3927 et
1861 3886 1987 3945 post
2015 3873 2256 3925 brumam

1236 3954 1539 4028 quindecim
1563 3993 1580 4018 ,
1607 3951 1899 4026 quidquam
1929 3952 2031 4006 seri
2077 3963 2220 4004 vetat
2237 3989 2251 4012 ,

1236 4047 1426 4105 praeter
1452 4035 1646 4087 ulmos.
1679 4034 1860 4086 Ham).

1320 4133 1374 4182 9.
1408 4113 1535 4166 Sunt
1562 4118 1647 4186 qui
1669 4122 1941 4181 properem.
1975 4109 2258 4164 columen.

1237 4193 1303 4245 de
1334 4195 1409 4245 Re
1434 4195 1580 4247 Rust.
1608 4193 1704 4244 lib.
1733 4191 1810 4244 xl
1829 4228 1844 4252 ,
1877 4209 1992 4260 cap.
2023 4209 2050 4241 2
2077 4208 2091 4240 τ
2119 4215 2140 4238 ι
2159 4187 2264 4242 Sed
