3150 5150
881 594 1032 676 4²²
1411 593 1487 660 C.
1545 592 1889 662 PLINII
1942 591 2164 662 NAT.
2220 588 2475 658 HIST.

875 721 1174 794 cucumis
1207 735 1278 792 et
1309 723 1673 794 cucurbitae
1698 725 2012 820 septimo,
2038 723 2222 818 prior
2242 719 2539 790 cucumis
2564 743 2581 786 :
2608 718 3013 788 naemu-tium

875 851 957 899 ac
987 829 1200 922 sinapi
1235 829 1466 922 quinto
1487 879 1508 912 ,
1545 829 1697 900 beta
1724 845 1950 900 aestate
1982 843 2197 912 sexte,
2242 826 2457 896 hieme
2490 824 2757 896 decimo
2790 851 2809 891 :
2860 826 3012 892 atri-

875 932 1030 1028 plex
1063 947 1338 1018 octavo,
1379 959 1559 1030 caepe
1582 955 1761 1022 ἰιι,
1809 951 1927 1006 aut
1966 935 2315 1031 vigesimo,
2354 931 2673 1027 gethyum
2712 931 3011 1014 decimo,

875 1055 995 1110 aut
1035 1039 1450 1110 duodecimo.
1509 1040 2024 1112 contumacius»²
2066 1037 2509 1112 coriandrum.
2562 1035 2817 1109 Cunila
2868 1039 3009 1130 qui-

873 1131 1053 1216 dem³
1058 1160 1174 1234 ,et
1209 1148 1558 1266 origanum
1596 1164 1747 1244 post
1780 1175 1933 1220 xxx
1969 1148 2165 1218 diem.
2210 1146 2529 1216 Omnium
2562 1157 2795 1213 autem
2840 1141 3007 1210 diffi-

873 1249 1112 1322 cillime
1153 1255 1428 1348 apium:
1471 1255 1973 1352 quadragesimo
2024 1256 2197 1323 enim
2243 1251 2350 1322 die
2340 1275 2591 1389 quum
2628 1247 3011 1331 celerrime,

801 1444 808 1454 .
877 1359 1420 1490 quinquagesimo
1451 1361 1701 1452 majore
1726 1387 1807 1430 ex
1834 1375 2023 1457 parte
2050 1344 2390 1453 emergitst
2426 1354 2691 1451 Aliquid
2718 1369 2795 1424 et
2828 1359 3011 1424 semi·

871 1451 1060 1534 num⁵
1077 1479 1234 1536 aetas
1251 1466 1532 1550 confert,
1547 1470 1867 1588 quoniam.
1884 1468 2253 1538 recentiora
2270 1464 2591 1534 maturius
2616 1464 3007 1558 gignuntur,

871 1571 940 1638 in
983 1596 1190 1666 porro
1209 1625 1230 1660 ,
1279 1573 1566 1667 gethyo‚
1604 1576 1911 1662 cucumi,
1958 1572 2347 1642 cucurbita.
2396 1595 2479 1640 ex
2521 1583 2753 1638 vetere
2788 1583 3007 1637 autem

871 1675 1151 1748 celerius
1179 1681 1581 1774 proveniunt
1616 1683 1875 1775 apium,
1914 1681 2066 1750 beta
2085 1732 2105 1766 ,
2130 1677 2517 1750 cardamum
2540 1727 2561 1760 ,
2584 1673 2855 1759 cunila,
2886 1676 3003 1742 ori·

871 1807 1116 1876 ganum
1140 1836 1161 1871 ,
1201 1784 1648 1857 coriandrum.
1686 1789 1939 1857 Mirum
1984 1787 2051 1854 in
2094 1785 2265 1856 betae
2306 1783 2553 1854 semine
2590 1807 2607 1850 :
2650 1805 2797 1852 non
2840 1783 3002 1852 enim

872 1902 1084 1959 totum
1135 1890 1372 1960 eodem
1409 1915 1588 1962 anno
1632 1894 1841 1988 gignit
1858 1947 1877 1980 ‚
1910 1892 2027 1962 sed
2076 1890 2323 1986 aliquid
2358 1903 2671 1983 sequente
2695 1933 2719 1972 ,
2766 1886 3002 1981 aliquid

869 1997 1088 2066 tertio.
1123 1998 1359 2091 Itaque
1391 2022 1474 2066 ex
1502 2001 1694 2092 copia
1729 2001 1997 2070 seminis
2032 1998 2293 2068 modice
2332 1997 2644 2066 nascitur.
2680 1993 3001 2082 Quaedam

873 2125 1050 2170 anno
1077 2115 1336 2174 tantum
1381 2127 1504 2174 suo
1541 2107 1811 2199 pariunt
1832 2159 1853 2194 ,
1888 2104 2188 2201 quaedam
2229 2103 2500 2198 saepius,
2542 2101 2715 2170 sicut
2744 2100 2997 2194 apium,

874 2231 1198 2301 porrum,
1242 2210 1581 2340 gethyum.
1626 2214 1787 2282 Haec
1830 2214 2006 2282 enim
2042 2207 2245 2280 semel
2290 2223 2431 2278 sata
2470 2204 2782 2301 pluribus
2826 2207 2999 2274 annis

874 2313 1148 2383 restibili
1183 2301 1558 2387 fertilitate⁶
1585 2320 2002 2412 proveniunt.

977 2423 1304 2490 XXXVI.
1337 2423 1600 2492 Semina
1620 2421 1943 2518 plurimis
1977 2421 2263 2492 rotunda
2281 2469 2300 2506 ,
2330 2417 2657 2513 aliquibus
2688 2415 2993 2511 oblonga,

873 2528 1102 2619 paucis
1143 2525 1417 2599 foliacea
1461 2543 1532 2599 et
1580 2527 1751 2616 lata,
1792 2544 1871 2601 ut
1908 2526 2209 2625 atriplici.
2254 2523 2673 2618 Quibusdam
2726 2537 2995 2619 angusta

871 2645 942 2701 et
967 2632 1435 2722 canaliculata,
1469 2650 1544 2705 ut
1569 2640 1862 2707 cumino.
1894 2636 2239 2707 Differunt
2254 2648 2325 2703 et
2348 2631 2603 2715 colore,
2632 2632 2833 2762 nigro
2864 2654 2999 2700 mn-

873 2736 1198 2832 didoque;
1233 2741 1390 2809 item
1436 2740 1677 2811 duritie
1718 2740 2144 2813 surculacea'.
2186 2742 2269 2809 In
2304 2736 2597 2809 folliculo
2634 2722 2855 2821 sunt³,
2896 2759 2993 2805 ra-

953 2980 1004 3013 a.
1049 2958 1404 3014 Contio-acius.
1431 2962 1748 3026 Difficilius,
1782 2982 1893 3017 mo·
1980 2962 2219 3037 plurium
2262 2976 2530 3015 annorum
2568 2958 2860 3013 fertilitate.
2892 2966 2997 3009 Δια·

867 3037 1057 3093 tonius.
1077 3038 1303 3094 Causam
1321 3058 1418 3094 cur
1441 3060 1576 3113 segre
1594 3044 1890 3114 proveniat,
1978 3044 2111 3107 μένει
2128 3042 2293 3113 χρόνον
2316 3042 2539 3105 πλείονα,
2554 3040 2641 3094 καὶ
2664 3042 2753 3093 οὐκ
2770 3040 2869 3099 lew
2892 3040 2996 3089 §ea-

866 3118 1040 3190 aperit
1063 3118 1313 3192 Theoph.
1331 3118 1401 3174 de
1427 3120 1583 3175 Ceus.
1610 3122 1691 3174 1v
1695 3161 1710 3188 ,
1739 3122 1790 3177 3.
1825 3120 1891 3178 Η.
1977 3142 2105 3177 reta.
2120 3120 2397 3192 Theophr.
2424 3118 2607 3173 nnn.

951 3196 1006 3252 3.
1035 3198 1212 3252 Cunila
1233 3200 1730 3274 quidem.'1'heophr.
1754 3203 1891 3257 nist.

868 3276 1000 3342 vn,
1028 3296 1051 3331 ι
1078 3298 1092 3331 =
1115 3278 1328 3351 Θῦμὸρα
1343 3277 1402 3334 δᾶ
1422 3282 1506 3335 καὶ
1529 3282 1767 3353 &pent-ebe,
1788 3296 1893 3337 etc.

869 3356 1212 3411 Ham—De
1225 3359 1448 3413 Satur-eia
1461 3400 1477 3427 ,
1493 3360 1743 3433 Thymbra
1756 3402 1771 3430 ‚
1791 3376 1892 3417 etc.

871 3433 984 3488 vid.
1013 3456 1133 3508 cap.
1165 3440 1252 3492 50.
1279 3438 1386 3493 En.

953 3520 1007 3578 4.
1028 3516 1220 3587 Major-e
1243 3540 1303 3572 ex
1323 3532 1466 3591 parte
1490 3540 1616 3572 emer
1563 3525 1705 3592 er.g·1⁰t
1726 3519 1897 3594 quue

869 3594 1117 3647 omnibus
1159 3600 1499 3653 sementibus.
1539 3602 1605 3653 In
1646 3600 1896 3654 omnibus

867 3673 1010 3725 enim
1031 3672 1246 3745 quidem
1270 3675 1482 3731 densius
1507 3691 1707 3733 serunt.
1723 3680 1899 3734 Theo-

865 3750 988 3822 phr.
1011 3754 1219 3808 Duae.

949 3832 1001 3887 5.
1039 3833 1193 3907 Aliqu
1177 3834 1250 3885 afa
1278 3846 1326 3885 ee
1355 3778 1894 3910 seeme‘num.Tbcoph1-.

863 3910 965 3964 loc.
1002 3912 1089 3966 cit.
1124 3914 1304 3984 Apiiv
1275 3927 1422 3967 vetus
1459 3934 1638 3969 semen
1672 3918 1896 3972 celerius

861 3992 1007 4046 nasci
1038 4029 1055 4057 ,
1112 3993 1382 4046 novellum
1442 3994 1607 4048 serius
1633 4038 1649 4061 ,
1709 3997 1893 4051 scribit

861 4072 1020 4125 etiam
1047 4072 1249 4126 Pallad.
1277 4073 1430 4128 lib.v
1459 4076 1514 4127 in
1546 4074 1739 4146 Aprili,
1762 4090 1802 4130 t.
1830 4077 1891 4143 3,

860 4168 911 4216 p.
955 4170 1078 4205 no.
1111 4152 1292 4207 Hanno.

943 4236 994 4284 6.
1054 4234 1276 4285 Rcseibili
1325 4236 1604 4300 fertilitate.
1669 4237 1885 4290 Assidua

2036 3202 2292 3255 xxxvl.
2305 3219 2330 3254 r
2340 3199 2607 3253 ‚Pht-bnis.
2620 3200 2747 3252 Hoc
2760 3195 2997 3267 deinceps

1980 3282 2141 3337 etiam
2162 3279 2437 3353 Theophr.
2465 3278 2605 3332 nist.
2624 3278 2770 3343 vn,
2802 3296 2854 3330 ι.
2874 3277 2943 3329 Η.

2067 3381 2117 3416 a.
2154 3362 2275 3413 Item
2324 3360 2500 3413 duritie
2543 3358 2843 3411 surculacca.
2896 3354 2998 3407 Hoc

1981 3452 2087 3506 est,
2129 3440 2360 3511 lignosa,
2401 3452 2461 3492 ut
2514 3438 2639 3491 alibi
2686 3436 2998 3491 monuimus.

1982 3520 2259 3589 Theophr.
2286 3518 2563 3582 Histvll,
2594 3518 2625 3572 3
2644 3536 2663 3569 ε
2694 3518 2775 3569 Τὰ
2802 3517 2890 3586 μὲν
2916 3515 2997 3585 μί-

1980 3608 2128 3663 λανα,
2148 3598 2217 3651 τὰ
2229 3594 2290 3651 δί
2300 3598 2596 3668 leuandi-cpe,
2621 3597 2709 3651 καὶ
2738 3596 2807 3649 τὰ
2828 3595 2909 3667 μὲν
2926 3594 2999 3656 Eu·

1979 3677 2137 3735 λῶδτ..
2152 3678 2241 3732 Sic
2256 3678 2399 3731 enim
2418 3676 2687 3747 scripsisse
2702 3694 2827 3729 eum
2844 3692 2999 3745 opor·

1982 3770 2056 3813 tet
2076 3777 2089 3813 ε
2109 3758 2207 3813 etsi
2226 3758 2283 3810 iu
2304 3754 2451 3811 libris
2468 3756 2693 3827 vulgatis
2702 3755 2999 3827 trajectione

1978 3838 2184 3892 laborat
2212 3838 2300 3891 hic
2324 3836 2493 3890 locus.
2523 3834 2709 3898 liano.

2062 3920 2116 3972 3.
2162 3919 2223 3971 In
2255 3918 2505 3984 folliculo.
2546 3913 2896 3988 Quadruplex
2924 3930 2999 3965 se·

1979 3999 2183 4052 minum
2214 4014 2381 4069 genus
2415 3994 2734 4068 distinguit.
2780 3996 2835 4049 ι’
2862 3991 3000 4065 quod

1980 4078 2031 4131 in
2092 4076 2384 4140 folliculum
2446 4084 2519 4131 2⁰
2573 4074 2723 4147 quod
2761 4072 2996 4133 nudum;

1981 4150 2040 4209 3θ
2058 4156 2205 4230 quod
2226 4154 2519 4211 obductum
2534 4154 2769 4219 cortice,
2791 4160 2824 4217 4
2824 4112 2996 4224 ’quod

1975 4238 2223 4311 lanugine
2250 4237 2607 4291 continentur.
2608 4234 2879 4306 Theophr.
2892 4232 2994 4283 loc.
