3150 5150
688 723 712 770 Χ

754 569 855 650 [ιο

1293 565 1368 633 C.
1426 561 1767 632 PLINII
1822 559 2040 632 NAT.
2100 565 2359 633 HIST.

857 696 1016 764 ΧΠ.
1053 697 1310 766 Natura
1345 709 1414 764 et
1447 693 1773 790 plantaria
1809 694 2327 781 demonstravit,
2358 693 2721 767 multarum
2742 695 2758 728 ¹·
2799 721 2899 765 ra-

749 801 1007 871 dicibus
1049 798 1418 896 pullulante
1461 800 1689 870 sobole
1736 799 1974 883 densa,
2012 815 2080 870 et
2129 803 2429 896 pariente
2471 817 2683 872 matre
2728 827 2897 896 quas

749 905 1034 976 enecet.
1068 907 1230 1038 Ejus
1263 907 1512 1026 quippe
1545 906 1786 976 umbra
1820 906 2015 976 turba
2050 906 2371 1002 indigesta
2403 910 2775 1028 premitur:
2818 923 2898 976 ut

747 1014 818 1081 in
859 999 1095 1083 lauris³
1115 1067 1134 1100 ,
1183 1014 1469 1107 punicis,
1516 1013 1840 1109 platanis,
1900 1014 2179 1096 cerasis,
2224 1015 2473 1108 prunis.
2514 1017 2895 1083 Paucorum

749 1121 819 1187 in
857 1119 988 1189 hoc
1024 1143 1266 1214 genere
1303 1121 1468 1188 rami
1503 1134 1791 1215 parcunt
1830 1118 2081 1202 soboli,
2115 1134 2193 1188 ut
2221 1119 2591 1204 ulmorum,
2603 1119 2895 1240 palma-

753 1249 1055 1320 rumque.
1112 1224 1328 1295 Nullis
1369 1250 1526 1296 vero
1561 1225 1725 1295 tales
1760 1213 2037 1321 pulluli⁴
2068 1227 2510 1320 proveniunt,
2552 1227 2675 1295 nisi
2726 1249 2895 1320 qua·

748 1355 898 1400 rum
937 1331 1192 1402 radices
1232 1357 1460 1402 amore
1515 1331 1669 1402 solis
1708 1347 1906 1427 atque
1955 1331 2225 1402 imbris
2233 1334 2299 1402 in
2338 1356 2626 1462 summa⁵
2650 1330 2899 1401 tellure

683 1461 710 1492 2
751 1441 1138 1532 spatiantur.
1173 1441 1416 1508 Omnia
1451 1463 1532 1508 ea
1567 1464 1702 1508 non
1736 1439 1958 1508 statim
1986 1439 2191 1508 moris
2226 1453 2327 1508 est
2360 1439 2428 1506 in
2470 1462 2589 1508 sua
2603 1424 2896 1520 ⁵locari‚

746 1543 862 1614 sed
913 1547 1096 1641 prius
1133 1547 1382 1614 nutrici
1441 1544 1633 1630 dari,
1680 1559 1878 1638 atque
1931 1546 1999 1613 in
2044 1545 2413 1614 seminariis
2466 1543 2895 1628 adolescere,

741 1652 1114 1744 iterumque
1155 1653 1456 1745 migrare.
1503 1652 1641 1740 Qui
1686 1652 2000 1720 transitus
2042 1654 2284 1720 mirum
2324 1652 2393 1718 in
2440 1650 2715 1719 modum
2756 1651 2892 1718 mi-

746 1758 912 1850 tigat
937 1759 1134 1828 etiam
1163 1755 1493 1826 silvestres
1523 1785 1540 1826 ι
1566 1759 1706 1825 sive
1741 1756 2059 1826 arborum
2097 1781 2400 1852 quoque,
2435 1771 2508 1826 ut
2534 1755 2895 1826 hominum

748 1876 1020 1950 natura,
1055 1863 1370 1932 novitatis
1399 1887 1478 1932 ac
1504 1863 2053 1958 peregrinationis
2092 1863 2283 1935 avida
2318 1877 2452 1934 est:
2496 1863 2635 1932 sive
2675 1862 2900 1932 disce-

749 1967 979 2038 dentes
1041 1971 1224 2037 virus
1285 1967 1695 2063 relinquunt,
1740 1983 2343 2098 mansuescuntque
2394 1982 2723 2056 tractatu,
2767 1995 2901 2038 ceu

748 2073 939 2160 ferae,
992 2074 1152 2144 dum
1194 2073 1398 2145 radici
1433 2073 1740 2145 avellitur
1780 2061 2071 2171 planta&

752 2283 822 2336 de
861 2283 1074 2351 Citreo,
1108 2283 1211 2344 loc.
1235 2284 1326 2338 cit.
1354 2309 1378 2330 ι
1397 2284 1557 2337 Amat
1585 2296 1779 2336 terram

750 2361 970 2420 rarioris
1009 2374 1244 2426 uatum,
1295 2363 1485 2424 calum
1511 2362 1780 2429 calidum,

752 2443 1142 2512 humoremque
1171 2442 1480 2496 continuum
1487 2480 1583 2495 .....
1606 2441 1711 2496 Sed
1738 2441 1781 2494 si

755 2520 879 2594 quis
905 2520 1009 2573 hoc
1035 2539 1227 2591 genus,
1251 2532 1316 2585 ut
1339 2521 1397 2575 in
1433 2521 1652 2592 regione
1692 2522 1784 2574 fri·

753 2600 879 2672 gida
903 2600 1194 2666 nutriatur,
1225 2613 1532 2672 extorquet3
1549 2602 1669 2655 loco
1698 2601 1784 2655 vel

755 2680 1052 2751 parietibus
1075 2679 1287 2741 munito
1303 2720 1320 2741 ,
1347 2680 1430 2733 vel
1453 2681 1510 2733 in
1537 2680 1786 2744 meridia-

755 2778 880 2815 mm
917 2769 1124 2831 partem
1168 2777 1319 2823 verso
1349 2758 1601 2831 disponat
1646 2761 1782 2813 hanc

759 2841 1036 2900 arborem,
1065 2851 1170 2893 etc.
1191 2862 1215 2885 n
1252 2838 1435 2893 num.

836 2919 964 2973 XII.
1021 2938 1071 2973 ι.
1119 2918 1386 2973 Multarum
1433 2918 1694 2973 radicibus.
1736 2919 1783 2985 E

757 2999 1050 3053 multarum
1081 2998 1334 3050 arborum
1372 2996 1661 3051 radicibus.
1690 2997 1783 3053 Se·

756 3078 993 3132 cundum
1011 3074 1220 3131 serendi
1237 3094 1406 3147 genus
1419 3078 1665 3149 superius
1677 3096 1785 3131 me-

759 3170 1026 3215 moratum
1045 3157 1286 3228 explicat.
1321 3156 1503 3213 Han.

844 3259 894 3292 α.
930 3240 1066 3309 Quas
1091 3248 1263 3289 enecet.
1293 3238 1583 3291 Remorum
1602 3236 1782 3308 opaci-

760 3328 885 3371 tate.
907 3316 1098 3387 virgil.
1141 3316 1392 3387 Georgic.
1433 3317 1516 3383 11,
1555 3335 1630 3369 vs.
1669 3316 1781 3369 53:

767 3422 789 3443 ..
813 3395 924 3452 Nec
943 3414 1054 3453 non
1074 3409 1128 3453 et
1147 3396 1337 3449 sterilis
1353 3435 1370 3461 ‚
1393 3414 1510 3466 quae
1531 3396 1785 3467 stirpibus

761 3475 870 3529 exit
895 3476 964 3527 ab
994 3474 1172 3533 imis...
1200 3476 1358 3533 Nunc
1389 3477 1506 3528 altae
1539 3474 1784 3540 frondes,

760 3566 814 3607 et
843 3546 990 3607 qimmi
1029 3554 1212 3607 matris
1248 3566 1501 3626 opacant,
1530 3554 1785 3609 Crescen-

705 3703 708 3707 ι
761 3635 905 3705 tique
930 3632 1174 3686 adimunt
1208 3633 1369 3697 fetus,
1405 3646 1680 3705 uruntque
1714 3633 1786 3687 fe-

757 3726 987 3767 rentem.
1013 3736 1038 3758 1·
1071 3712 1252 3765 Eun.

842 3792 895 3847 3.
931 3792 1000 3845 Ut
1023 3796 1075 3845 in
1101 3792 1270 3845 lamis.
1295 3792 1447 3863 Virg.
1473 3792 1674 3863 Geor-g.
1699 3793 1781 3853 11,

759 3892 897 3925 vers.
929 3892 994 3941 ¹7
1021 3890 1036 3925 ε
1063 3894 1084 3915 ·
1104 3872 1337 3925 Pullulat
1356 3874 1424 3924 ab
1455 3870 1635 3924 radice
1668 3872 1784 3925 aliis

758 3952 1065 4006 densissima
1084 3950 1240 4004 silva:
1268 3952 1344 4005 Ut
1369 3952 1576 4014 cerasis,
1600 3951 1783 4005 ulmis·

757 4049 892 4101 quc;
924 4032 1079 4087 etiam
1112 4030 1379 4085 Parnassia
1409 4031 1588 4083 laurus
1620 4032 1781 4085 Parva

760 4112 856 4165 sub
879 4112 1086 4182 ingenti
1127 4111 1306 4165 matris
1337 4131 1391 4163 se
1419 4111 1633 4181 subiicit
1666 4130 1780 4164 um·

761 4193 872 4245 bra.
891 4218 914 4239 n
953 4191 1134 4245 Ham».

1951 2291 2003 2349 4.
2036 2284 2183 2336 Tales
2197 2283 2395 2354 pulluli.
2427 2282 2689 2344 Stolones·
2716 2283 2905 2336 Pullos

1866 2376 1921 2417 et
1939 2364 2071 2417 Cato
2084 2375 2241 2416 vocat
2252 2382 2400 2434 ‚.cap
2419 2380 2511 2416 ιι·
2536 2363 2903 2434 «Propagntio

1867 2461 2185 2513 pomorum,
2233 2442 2570 2514 aliarumque
2618 2439 2899 2501 arborum.

1868 2523 1953 2574 Ab
1978 2522 2171 2575 arbore
2204 2522 2300 2575 abs
2334 2534 2476 2577 terra
2514 2523 2645 2595 pulli
2678 2524 2774 2594 qui
2802 2543 2903 2577 na-

1867 2614 2108 2664 scentur,
2142 2619 2231 2655 eos
2257 2602 2316 2655 in
2344 2614 2539 2655 terram
2568 2600 2867 2675 deprimite
2884 2644 2901 2667 ,

1869 2681 2219 2753 extollitoque
2246 2682 2537 2753 primorem
2558 2695 2793 2754 partem,
2820 2684 2901 2737 uti

1867 2759 2099 2814 radicem
2127 2761 2300 2831 capiat
2317 2798 2335 2827 ,
2360 2775 2461 2816 etc.
2480 2788 2505 2809 ι
2558 2763 2669 2815 Nos
2703 2764 2867 2833 vulgo
2882 2803 2900 2825 ‚

1871 2844 2091 2911 mjetons.
2113 2840 2256 2893 Hinc
2280 2842 2500 2895 verbum
2526 2844 2774 2912 pullulare
2804 2842 2901 2896 de·

1871 2919 2123 2985 ductum,
2165 2920 2315 2991 quasi
2356 2921 2589 2991 pullulos
2619 2923 2863 2975 emittere
2884 2962 2901 2983 ,

1871 2997 2021 3070 quod
2039 3012 2091 3053 et
2114 2998 2463 3069 pullulascere
2488 3000 2775 3053 Columell.
2800 3003 2901 3064 1v,

1877 3096 1939 3132 21
1956 3116 1972 3143 ‚
1996 3076 2149 3131 dixit.
2183 3075 2365 3131 Ηιιιι).

1957 3156 2008 3210 5.
2054 3158 2170 3215 Nan
2220 3162 2386 3211 statim
2429 3164 2573 3211 moris
2614 3173 2687 3211 est
2733 3164 2783 3210 in
2810 3180 2899 3211 sua

1872 3238 2038 3289 locati.
2076 3238 2158 3291 Ita
2186 3237 2341 3297 MSS.
2368 3239 2498 3309 Reg.
2524 3239 2765 3293 Colbert.
2796 3253 2903 3293 etc.

1870 3318 1936 3368 In
1962 3333 2056 3371 sua
2086 3330 2251 3383 terra,
2284 3317 2491 3381 stabili,
2520 3331 2689 3384 certa,
2710 3320 2768 3371 in·
2796 3338 2903 3390 qua

1869 3413 2082 3465 semper
2108 3396 2393 3456 consistant
2411 3436 2426 3462 ,
2455 3396 2599 3451 unde
2626 3400 2903 3453 transferri

1870 3475 2031 3528 nefas.
2054 3474 2240 3529 Hnm.

1955 3558 2009 3607 6.
2054 3555 2185 3607 Dum
2233 3558 2391 3607 radici
2441 3556 2666 3609 avellitur
2702 3560 2897 3627 planta.

1872 3632 2083 3687 Certior
2105 3635 2261 3689 lectio
2278 3673 2293 3699 ‚
2312 3636 2366 3691 ni
2392 3636 2567 3698 fallor,
2586 3636 2699 3687 dum
2724 3639 2903 3689 radicis

1873 3714 2096 3773 avellitur
2114 3714 2307 3783 planta.
2330 3716 2579 3785 Appellat
2600 3717 2745 3768 euim
2766 3718 2903 3767 mdi-

1872 3796 1941 3845 cis
1956 3795 2177 3863 plantam
2194 3834 2211 3857 ,
2238 3793 2582 3847 viviradicem
2600 3832 2617 3855 ,
2644 3808 2703 3847 ut
2726 3796 2781 3847 in
2808 3796 2906 3847 ini·

1874 3873 1953 3925 tio
1984 3874 2145 3945 hujus
2180 3891 2297 3946 cap.
2331 3900 2353 3921 ιι
2376 3873 2490 3927 Aut
2528 3874 2672 3926 enim
2700 3876 2905 3926 semine

1872 3953 2232 4023 proveniunt,
2270 3966 2362 4007 aut
2396 3951 2587 4007 radicis
2624 3953 2838 4024 plantis.
2874 3980 2895 3999 ι·

1850 4032 2033 4103 ¹Pur-r.
2048 4034 2274 4084 -Dum
2302 4033 2461 4085 radici
2484 4034 2728 4087 avellitur.
2756 4034 2903 4088 Dum

1870 4112 1917 4163 ei
1962 4124 2115 4165 terrm
2143 4113 2393 4182 eripitur,
2428 4114 2521 4175 ubi
2556 4112 2763 4167 radices
2790 4112 2903 4191 pri·

1872 4208 2017 4243 mum
2044 4192 2165 4262 egit.
2194 4190 2375 4245 Ihm».
