3150 5150
795 455 934 552 176

1310 455 1386 523 C.
1445 453 1787 522 PLINII
1847 453 2065 522 NAT.
2126 452 2387 520 HIST.
2460 481 2465 486 ’

783 589 996 658 cent²⁷
1025 612 1039 653 ε
1067 611 1202 655 non
1231 601 1451 654 tamen
1483 584 1683 655 surda
1702 577 1749 612 ²³⁵
1781 583 2044 668 tellure,
2081 609 2228 679 quae
2260 607 2498 679 parens
2524 582 2895 678 appellatur,

783 693 1041 786 colique
1069 692 1308 761 dicitur
1337 694 1478 786 ipsa
1507 719 1523 760 ε
1561 691 1882 760 honore²⁹
1904 691 2005 760 his
2024 705 2362 784 assumpto
2386 743 2405 773 ,
2434 705 2509 758 ut
2542 714 2679 759 non
2712 693 2901 760 invita

783 826 858 870 ea
877 851 894 882 ,
939 814 1005 868 et
1065 798 1398 892 indignata
1419 783 1503 885 ³⁰,
1565 797 1876 866 credatur
1933 797 1997 865 id
2054 795 2215 866 fleri.
2266 795 2395 866 Sed
2438 821 2561 866 nos
2600 798 2903 866 miramur

787 983 971 1045 stulte,
997 981 1165 1033 nescis
1203 998 1350 1033 nunc
1376 979 1535 1033 vendi
1560 991 1615 1031 te
1636 981 1811 1050 Atque

787 1063 844 1115 in
865 1080 930 1114 eo
955 1061 1071 1132 ipso
1100 1059 1270 1113 adstas
1295 1057 1504 1130 lapide,
1520 1059 1615 1111 ubi
1635 1077 1811 1130 proeco

787 1139 1054 1213 predicat.
1069 1165 1090 1186 ι
1113 1139 1288 1192 Graeci
1310 1140 1570 1192 vocabant
1582 1143 1811 1209 πρατῆρα

785 1224 910 1274 λίθον
923 1242 939 1285 ;
953 1220 1163 1283 Pollux,
1181 1219 1493 1271 Plutarchus
1509 1219 1564 1271 in
1590 1218 1812 1272 Solone:

787 1301 1032 1372 τράπεζαν
1069 1317 1226 1363 vero,
1267 1299 1322 1351 in
1365 1316 1525 1370 quam
1557 1315 1813 1350 conscen-

785 1381 1009 1442 debant,
1027 1379 1120 1451 qui
1139 1375 1526 1440 vendebantur,
1540 1377 1814 1448 Aristoph.

789 1458 950 1512 Brod.
973 1459 1068 1510 lib.
1095 1459 1208 1522 vl,
1231 1475 1346 1526 cap.
1377 1455 1408 1508 ⁵
1428 1479 1443 1520 ;
1463 1454 1723 1510 Alexand.
1746 1457 1814 1508 ab

787 1537 1049 1591 Alexand.
1091 1538 1186 1590 lib.
1227 1538 1312 1588 III
1329 1574 1344 1599 ,
1369 1554 1486 1607 cap.
1533 1540 1623 1590 ι6.
1662 1533 1814 1589 Idem

787 1632 1002 1680 auctor,
1031 1618 1126 1669 lib.
1167 1616 1251 1668 111
1270 1653 1287 1679 ,
1317 1631 1432 1686 esp.
1489 1634 1558 1667 20
1578 1652 1595 1680 ,
1636 1614 1813 1667 omnin

789 1715 1062 1770 poenerum
1093 1713 1283 1767 genera
1323 1706 1561 1747 recenset
1578 1734 1593 1759 ,
1622 1694 1817 1764 quibus

786 1795 888 1847 neq
897 1794 1014 1828 uam
1035 1793 1240 1836 servos,
1271 1772 1538 1826 maleficos
1557 1813 1571 1834 ‚
1594 1772 1816 1844 flagitio·

787 1875 872 1908 sos
893 1856 1022 1908 olim
1069 1852 1248 1907 ulcisci
1278 1853 1519 1905 solebant
1537 1889 1551 1910 ‚
1582 1863 1637 1904 et
1668 1850 1814 1922 apud

787 1936 1022 1988 diversas
1047 1947 1226 2006 gentes
1252 1931 1395 1984 varia
1423 1949 1701 1984 servorum
1721 1949 1818 1984 no-

787 2017 928 2068 mina
953 2033 967 2067 :
994 2026 1048 2066 et
1073 2032 1190 2084 cap.
1227 2011 1294 2065 25
1325 2010 1560 2081 ejusdem
1583 2011 1678 2063 lib.
1706 2029 1815 2063 ser-

785 2113 974 2148 vorum
1023 2092 1381 2147 conditionem
1425 2109 1454 2142 a
1507 2088 1815 2161 Rhodigino

787 2173 1111 2244 descriptam
1143 2171 1391 2240 explicat.
1421 2171 1560 2223 Du..

873 2274 963 2325 ²7·
1009 2254 1324 2322 [πων-ἐρεῖψαι
1363 2251 1530 2301 videus
1578 2263 1815 2304 exercent.

789 2333 1076 2404 Stigmatia
1089 2367 1104 2396 ,
1119 2331 1200 2383 vel
1215 2330 1528 2400 Stigmatici‚
1551 2329 1817 2400 mancipia

788 2414 859 2464 ob
879 2412 1094 2482 insigne
1109 2407 1331 2480 aliquod
1355 2407 1613 2478 flagitium
1632 2409 1817 2462 inustis

787 2492 949 2562 signis
999 2501 1179 2542 notata
1203 2529 1218 2552 ,
1268 2489 1540 2558 proecipue
1588 2487 1776 2540 litteris
1798 2526 1815 2552 ‚

785 2569 1140 2643 quamobrem
1170 2570 1386 2621 litterata
1407 2569 1566 2621 etiam
1594 2586 1815 2621 vocave-

787 2664 946 2716 runt,
989 2648 1266 2721 quomodo
1287 2684 1304 2711 ,
1357 2660 1408 2699 et
1455 2666 1624 2719 equos
1668 2665 1815 2701 nunc

787 2732 1076 2791 κοππατίας
1091 2768 1108 2791 ,
1126 2746 1271 2781 nunc
1290 2729 1595 2797 :amplior-as,
1621 2744 1648 2778 ι
1670 2728 1816 2780 notis

788 2817 832 2862 K
859 2824 910 2863 et
937 2816 996 2873 Σ,
1022 2806 1253 2878 Rhodig.
1282 2807 1378 2860 lib.
1406 2808 1546 2869 vn,
1571 2824 1689 2878 cap.
1722 2806 1814 2860 31.

785 2889 1196 2945 Atheniensibus
1247 2887 1470 2957 captivis
1529 2886 1813 2957 imaginem

785 2970 909 3041 equi
939 2969 1296 3041 Syracusanos
1325 2965 1560 3019 cauterio
1592 2965 1815 3037 impres·

785 3051 911 3102 sisse
937 3061 1128 3103 notum
1157 3059 1274 3099 est:
1304 3046 1647 3098 Athenienses
1688 3063 1815 3099 vero

784 3128 1082 3182 Samiorum
1109 3125 1269 3179 fronti
1285 3124 1543 3179 candente
1573 3125 1715 3177 ferro
1734 3125 1816 3177 in-

784 3209 1053 3280 scripsisse
1075 3220 1328 3260 noctuem
1354 3223 1367 3258 :
1391 3204 1738 3277 quamobrem
1762 3217 1817 3257 et

785 3290 1020 3341 Samium
1047 3299 1286 3340 notatum
1311 3304 1522 3339 servum
1543 3284 1653 3337 dici
1672 3283 1817 3338 idem

785 3365 1127 3438 Rhodiginus
1148 3378 1358 3430 censet,
1385 3365 1479 3419 lib.
1505 3366 1611 3424 xl,
1634 3382 1681 3417 c.
1713 3382 1735 3416 ι
1754 3382 1776 3417 1
1800 3402 1817 3429 ,

783 3448 880 3499 lib.
899 3447 1028 3509 XV,
1045 3464 1164 3515 cap.
1191 3464 1282 3514 ²7·
1306 3444 1510 3497 Samios
1525 3443 1819 3497 Athenien·

783 3528 924 3577 sium
951 3524 1174 3594 captivis
1199 3537 1448 3577 noctuam
1475 3524 1749 3587 inussisse,
1766 3537 1820 3577 et

786 3604 1137 3657 Athenienses
1149 3603 1340 3656 Samiis
1352 3605 1663 3668 Samaenam,
1672 3600 1819 3673 quod

783 3683 984 3755 navigii
1005 3701 1170 3754 genus
1183 3695 1262 3734 est
1276 3721 1291 3745 ,
1313 3681 1468 3736 docet
1485 3681 1649 3734 Brod.
1666 3683 1704 3734 1.
1718 3683 1816 3747 IV,

786 3782 906 3835 cap.
933 3770 1039 3827 ’ἀς
1062 3761 1296 3814 Αἰακοὶ)
1323 3759 1579 3815 Alexand.
1605 3761 1702 3813 lib.
1717 3762 1820 3825 IV,

786 3864 838 3897 c.
871 3866 886 3895 t
903 3845 956 3897 8.
983 3840 1252 3895 Plutarch.
1275 3854 1464 3893 auctor
1487 3853 1564 3893 est
1586 3841 1820 3893 Thracas

783 3924 840 3975 in
865 3922 1131 3976 ultionem
1147 3920 1351 3991 Orphei
1378 3939 1494 3973 sues
1513 3936 1707 3973 uxores
1728 3938 1823 3973 no-

784 4016 898 4055 tare
941 4003 1142 4057 solitos.
1169 4000 1350 4054 Valet.
1382 4000 1525 4054 Max.
1557 4026 1579 4047 ι
1622 4000 1819 4052 Servus

783 4083 849 4133 ab
883 4100 947 4135 eo
978 4081 1313 4135 vinculorum
1344 4098 1497 4151 poena
1530 4080 1818 4145 coercitus,

1901 978 2405 1052 inexpugnabilique
2448 979 2751 1031 litterarum
2798 991 2905 1030 nota

1898 1077 1996 1131 per
2022 1077 2281 1112 summam
2310 1059 2417 1110 oris
2444 1059 2823 1111 contumeliam
2844 1060 2909 1110 in·

1902 1152 2068 1192 ustus.
2093 1165 2115 1186 ι
2150 1137 2504 1208 Phoeylides,
2546 1139 2817 1208 Στίγμιτα
2850 1143 2907 1205 μὴ

1898 1219 2088 1291 γράψῃς
2136 1213 2448 1278 δπονιιδίζων
2500 1218 2799 1289 θεράποντα.
2838 1219 2913 1269 Pi·

1902 1299 2101 1363 thoeus,
2137 1297 2235 1352 lib.
2264 1297 2352 1361 11,
2394 1316 2511 1368 cup.
2552 1317 2607 1366 9.
2650 1296 2915 1366 Ejusmodi

1902 1395 2079 1430 servos
2104 1379 2399 1448 αἱματίσαι
2422 1377 2647 1438 ciem,
2678 1377 2915 1428 Offic.ll.

1906 1457 2145 1510 Cieom'se
2171 1460 2423 1526 stigmosos
2466 1455 2673 1508 Plinius
2702 1457 2916 1514 laniet,

1904 1536 2074 1606 Epist.
2097 1536 2282 1589 lib.V.
2312 1537 2573 1588 Πιταναῖος
2599 1535 2821 1588 Plautus
2838 1554 2919 1606 ap-

1872 1634 1879 1640 ·
1903 1615 2083 1686 pellat.
2113 1641 2136 1662 ι
2159 1613 2465 1668 Alexander
2496 1615 2739 1668 Pherens
2761 1634 2915 1686 quum

1901 1694 2113 1747 infinito
2136 1713 2315 1748 amore
2336 1695 2549 1748 Thebes
2580 1695 2769 1748 uxoris
2788 1709 2919 1746 tene·

1901 1787 2082 1835 retur,
2114 1771 2183 1827 nd
2204 1792 2319 1827 enm
2342 1793 2407 1826 ex
2433 1772 2606 1844 epulis
2632 1773 2693 1826 in
2718 1775 2921 1826 cubicu-

1902 1853 2013 1904 lum
2048 1854 2265 1907 veniens
2280 1892 2295 1916 ,
2338 1854 2627 1906 barbsrum
2672 1871 2921 1924 compnn-

1902 1944 2049 1986 etum
2062 1934 2203 1986 notis
2221 1932 2486 1986 Threiciis
2504 1974 2518 1994 ,
2546 1933 2735 1986 stricto
2758 1932 2921 2002 gladio

1900 2012 2120 2081 jubebat
2150 2011 2371 2066 anteire.
2394 2039 2417 2060 ι
2450 2012 2573 2065 val.
2599 2013 2749 2066 Max.
2772 2013 2809 2064 1.
2830 2013 2917 2074 tx,

1904 2109 2021 2162 cap.
2048 2109 2070 2143 ι
2086 2091 2135 2145 ⁵.
2161 2092 2721 2163 Du..—Inscriptiqoee.
2741 2094 2919 2146 Notata

1904 2170 2051 2224 frons
2082 2171 2321 2242 stigmate
2339 2210 2356 2236 ,
2396 2169 2539 2242 quod
2590 2172 2739 2224 inuri
2770 2175 2919 2224 servis

1902 2251 2113 2303 soleret.
2141 2251 2407 2304 Ausonius
2428 2250 2497 2304 de
2524 2251 2791 2326 Pergamo
2812 2252 2921 2304 scri-

1902 2342 2056 2400 ptore
2076 2349 2227 2384 servo
2242 2347 2301 2382 ac
2316 2328 2537 2400 fugitivo
2554 2333 2749 2385 :·Tam
2764 2331 2921 2402 segnis

1904 2410 2155 2480 scriptor,
2190 2428 2352 2483 qnam
2396 2411 2601 2468 lentus,
2636 2412 2916 2482 pergame,

1903 2507 2063 2542 cursu
2106 2490 2339 2561 higini,
2368 2502 2421 2542 et
2457 2490 2637 2560 primo
2666 2503 2850 2562 captus
2876 2509 2921 2542 es

1904 2568 1962 2623 in
1986 2567 2173 2635 stadio.
2203 2571 2345 2641 Ergo
2389 2582 2541 2623 notes
2574 2570 2781 2641 scripto
2806 2570 2919 2623 tole-

1902 2650 2056 2715 rasti,
2074 2650 2354 2721 Pet-geme,
2374 2650 2525 2703 vultu
2550 2666 2565 2702 τ
2592 2652 2667 2703 Et
2690 2670 2822 2721 quas
2840 2668 2921 2703 ne-

1903 2729 2063 2801 glexit
2092 2728 2342 2793 dextera,
2368 2730 2519 2784 fmus
2540 2731 2767 2803 patitur.
2796 2756 2819 2777 ο
2854 2732 2920 2781 De

1903 2808 2047 2861 hisce
2068 2809 2400 2879 stigmatibus
2425 2808 2549 2863 vide
2590 2808 2847 2863 Gothofr.
2872 2810 2917 2860 in

1904 2887 2043 2941 cod.
2067 2888 2333 2942 Theodos.
2357 2890 2453 2941 lib.
2475 2888 2557 2941 IX
2570 2928 2587 2953 ‚
2626 2888 2714 2942 tit.
2748 2897 2837 2954 40,
2863 2887 2921 2939 de

1904 2967 2099 3039 poeuis,
2126 2987 2181 3039 p.
2222 2974 2352 3038 ²9⁴·
2384 2969 2569 3021 Hsnn.

1992 3049 2213 3101 28.Non
2240 3059 2395 3099 tamen
2416 3048 2581 3101 surda.
2610 3044 2919 3119 Quanquam

1904 3126 2284 3181 vilissimorum
2341 3128 2627 3180 hominnm
2692 3128 2921 3180 manibus

1903 3205 2126 3268 colitur,
2158 3204 2310 3279 quod
2330 3207 2442 3278 ipsa
2472 3208 2725 3278 poscitur
2744 3248 2763 3271 ,
2786 3206 2919 3259 beni·

1902 3304 2005 3357 gne
2026 3284 2293 3355 producit.
2328 3288 2513 3340 Hsttn.

1985 3382 2070 3433 ²9-
2088 3366 2304 3418 Honore.
2322 3368 2598 3419 Honorem
2620 3366 2690 3421 iis
2718 3392 2741 3414 ι
2764 3366 2919 3417 nomi·

1904 3445 2091 3510 nibus,
2134 3446 2237 3498 sibi
2286 3444 2527 3499 habitum
2576 3446 2737 3499 tellus
2776 3446 2923 3497 sumit

1906 3526 2049 3577 ultro
2062 3562 2079 3590 ‚
2106 3542 2277 3596 eoque
2300 3537 2548 3579 contente
2568 3539 2651 3577 est
2669 3544 2686 3578 t
2712 3552 2737 3573 ι
2756 3536 2921 3577 utnon

1906 3604 1973 3655 ab
2003 3604 2169 3657 invita
2190 3623 2251 3658 ea
2273 3617 2325 3658 et
2350 3603 2627 3675 indignata
2652 3606 2777 3657 fieri
2794 3601 2921 3656 istud

1907 3681 2177 3745 credatur,
2213 3710 2234 3731 ι
2252 3682 2398 3755 quod
2420 3684 2630 3743 fructus
2656 3683 2783 3738 edat
2800 3700 2923 3753 quos

1906 3776 2153 3834 rogatur,
2174 3782 2272 3816 nec
2298 3762 2461 3817 surda
2486 3765 2571 3817 sit.
2598 3790 2621 3811 ι
2648 3765 2833 3817 Han.

1992 3844 2078 3896 30.
2122 3844 2193 3895 Et
2234 3843 2506 3913 indignata.
2537 3842 2629 3895 sic
2668 3862 2736 3896 ex
2780 3842 2921 3894 MSS.

1908 3921 2121 3975 emend.
2154 3921 2320 3975 Hard.
2342 3936 2391 3973 et
2426 3922 2711 3992 inde'gnante
2746 3920 2921 3975 Chiffl.

1907 4014 1956 4052 et
2019 4003 2215 4072 indigne
2267 4004 2457 4069 ser-enee
2512 4002 2821 4057 Gronovius
2878 4010 2923 4051 et

1907 4081 2037 4133 Alii.
2066 4084 2167 4134 En.
