3150 5150
773 478 872 562 48

1317 477 1393 544 C.
1453 478 1779 546 PLINII
1836 479 2047 548 NAT.
2108 478 2356 546 msT.

771 611 836 676 in
882 593 1146 703 pronis⁵
1185 607 1407 703 palmo
1449 608 1776 704 amplius:
1822 625 1888 678 et
1932 610 2175 704 ubique
2228 611 2555 679 caminata
2577 598 2621 634 ‘⁵'
2654 612 2915 682 fossura

771 741 886 784 ore
933 717 1410 810 compressiore
1467 718 1647 785 sint.·
1697 716 1935 808 Nigra⁷
2016 741 2177 784 vero
2236 730 2409 785 terra
2462 715 2598 814 duo
2656 717 2919 801 cubita,

770 837 838 890 et
895 820 1224 916 palmum,
1275 821 1614 914 quadratis
1675 821 1951 915 angulis.
2032 821 2280 891 Eadem
2343 837 2652 915 mensura
2712 828 2917 919 graeci

769 942 1073 997 auctores
1117 929 1579 1015 consentiunt,
1620 952 1759 997 non
1801 926 2067 997 altiores
2106 930 2313 1023 quino
2346 917 2717 1024 semipede⁸
2768 955 2918 1000 esse

768 1035 1039 1122 debere,
1074 1059 1196 1103 nec
1233 1032 1497 1104 latiores
1529 1033 1792 1105 duobus
1826 1031 2124 1128 pedibusss
2153 1037 2499 1128 Nusquam
2530 1032 2738 1104 vero⁹
2768 1061 2913 1106 ses-

767 1259 876 1296 esse
903 1260 996 1294 ore
1022 1240 1458 1311 compressiora,
1493 1253 1548 1293 et
1573 1255 1786 1293 mensu·

764 1341 876 1374 ram
905 1340 1026 1380 cum
1043 1319 1226 1390 grecis
1249 1320 1554 1373 auctoribus
1573 1338 1788 1374 consen·

767 1401 910 1454 tire?
942 1401 1112 1453 Bne-r.

847 1481 898 1534 5.
929 1482 990 1533 In
1014 1483 1200 1549 prunis·
1231 1471 1294 1531 In
1318 1475 1452 1531 locis
1477 1476 1786 1531 declivibus.

763 1563 828 1613 In
855 1560 1006 1614 libris
1029 1560 1286 1612 hactenus
1305 1557 1461 1611 editis
1482 1556 1645 1610 modo
1655 1562 1791 1628 prui-

763 1645 838 1694 nis
851 1678 867 1705 ‚
889 1639 1052 1693 modo
1066 1641 1234 1708 premis
1253 1638 1463 1708 legitur.
1485 1637 1597 1691 Nos
1622 1657 1687 1690 ex
1708 1637 1791 1690 in·

763 1720 1004 1773 dubitata
1048 1719 1352 1788 conjectura
1375 1721 1543 1786 pronis
1572 1715 1788 1770 admisi·

765 1819 882 1852 mus
907 1817 920 1850 :
945 1798 1212 1852 scrobium
1231 1798 1374 1850 enim
1393 1795 1789 1850 distinctionem

761 1898 830 1933 ex
853 1878 1048 1933 terreni
1073 1876 1372 1931 diversitate
1394 1876 1520 1928 facit
1535 1894 1549 1928 ε
1563 1893 1789 1954 praeces·

762 1959 828 2011 sit
850 1959 994 2012 euim
1021 1977 1034 2010 :
1068 1985 1091 2004 ι
1120 1955 1476 2009 Altitudinem
1519 1973 1702 2008 earum
1730 1953 1787 2008 in

763 2038 1036 2109 argilloso,
1057 2051 1148 2091 aut
1171 2035 1310 2089 duro
1349 2035 1463 2088 solo
1499 2037 1664 2088 trium
1692 2055 1787 2088 cu-

761 2117 1000 2171 bitorum
1024 2135 1170 2170 esse:
1195 2143 1219 2164 a·
1253 2115 1398 2168 unde
1427 2115 1668 2186 apposite
1706 2133 1786 2168 se·-

763 2199 962 2269 quitur‚
981 2200 1032 2250 ia
1051 2201 1218 2267 pronis
1241 2215 1370 2248 vero
1378 2196 1544 2264 palmo
1561 2195 1783 2264 amplius.

763 2280 834 2338 Et
857 2278 1012 2349 plane
1033 2290 1236 2329 constat
1265 2275 1544 2330 columen.
1568 2275 1661 2326 lib.
1680 2275 1785 2340 111,

759 2376 805 2410 c.
849 2356 917 2410 13
935 2395 953 2422 ‚
976 2357 1266 2410 acclivibus
1297 2355 1430 2407 locis
1455 2352 1783 2425 semipedem

759 2435 988 2506 amplius
1012 2433 1326 2488 fodiendum
1342 2473 1358 2498 ‚
1386 2452 1550 2504 quam
1576 2451 1788 2504 campe-

757 2517 954 2570 stribus
971 2553 988 2579 ‚
1036 2515 1339 2587 praecipere.
1397 2539 1418 2559 ι
1459 2514 1783 2584 Campestris

757 2598 935 2661 locus,
962 2596 1137 2666 inquit
1159 2632 1172 2653 ‚
1221 2596 1325 2647 alte
1355 2592 1489 2645 duos
1533 2591 1700 2664 pedes
1730 2606 1783 2647 et

755 2676 1026 2729 semissem
1049 2672 1390 2728 infodiendus
1425 2686 1504 2727 est
1535 2692 1547 2727 :
1573 2674 1782 2725 acclivis

756 2757 904 2827 regio
922 2796 938 2820 ‚
961 2769 1080 2808 tres.
1107 2782 1130 2803 ι
1165 2752 1344 2805 ΗΔιιι).

840 2840 893 2890 6.
911 2836 1188 2888 Geminam.
1207 2834 1271 2885 In
1293 2830 1508 2885 modum
1531 2832 1779 2897 fornacis⁴

756 2915 1080 2986 fornicisque
1108 2926 1318 2968 arcuata
1347 2912 1578 2972 fossura,
1614 2931 1778 2982 angu-

755 3008 838 3049 sto
861 3014 954 3047 ore
969 3034 985 3058 ,
1013 2995 1204 3047 latiore
1227 2991 1424 3055 funde,
1455 2993 1669 3046 Colum.
1692 2993 1745 3042 V
1761 3030 1776 3055 ,

761 3094 823 3128 xo
848 3094 862 3128 ε
894 3100 916 3123 ιι
939 3076 1134 3129 Scrobs
1159 3072 1371 3125 clibano
1411 3071 1600 3124 similis
1647 3070 1741 3123 fiat
1758 3111 1774 3138 ,

753 3158 903 3227 cujus
925 3155 1092 3207 imum
1119 3171 1328 3206 summo
1370 3152 1641 3223 patentius
1669 3164 1775 3215 est,

751 3248 812 3287 ut
839 3235 1008 3288 laxius
1029 3233 1230 3287 radices
1268 3244 1555 3302 vagentur,
1580 3250 1643 3285 ac
1674 3231 1777 3283 mi-

749 3333 850 3367 nus
865 3314 1076 3385 frigoris
1091 3314 1286 3378 bieme,
1299 3311 1579 3383 minusque
1598 3323 1775 3364 aestate

753 3394 962 3465 vaporis
981 3412 1077 3463 per
1092 3406 1374 3462 angustum
1403 3410 1462 3445 os
1491 3403 1733 3461 penetret
1756 3409 1769 3442 ε

750 3473 909 3526 etiam
937 3486 998 3525 ut
1035 3473 1244 3525 clivosis
1283 3472 1415 3524 loeis
1447 3484 1619 3534 terra,
1653 3488 1773 3542 quae

747 3553 802 3604 in
830 3570 954 3604 eum
984 3566 1230 3621 congesta
1256 3564 1363 3614 est,
1387 3569 1418 3603 a
1446 3551 1643 3622 pluviis
1661 3570 1771 3604 non

676 3661 684 3669 -
749 3632 1016 3685 abluatur.
1044 3656 1067 3679 ι
1102 3632 1236 3697 Quae
1262 3628 1490 3684 totidem
1513 3631 1625 3683 fere
1647 3648 1769 3682 ver-

746 3711 828 3765 bis
858 3711 1083 3782 repetit,
1103 3711 1200 3765 lib.
1222 3709 1290 3763 de
1310 3708 1635 3775 Arboribus,
1650 3728 1769 3781 cup.

753 3810 842 3862 19.
867 3791 1070 3845 Plinius
1091 3808 1248 3861 supra
1267 3828 1282 3854 ,
1309 3796 1426 3860 cap.
1453 3795 1518 3851 4:
1547 3815 1569 3837 ι
1591 3790 1771 3842 Putris

744 3890 840 3924 ore
863 3872 1150 3939 angustatis
1169 3908 1186 3933 ,
1229 3869 1372 3921 intus
1394 3868 1655 3939 spatiante
1678 3888 1771 3921 ve-

743 3970 827 4006 ne.
849 3977 870 3998 ι
908 3952 1095 4003 Ηηυ.

825 4052 880 4101 7.
914 4031 1092 4101 Nigra.
1145 4029 1241 4081 Ubi
1271 4046 1400 4081 vero
1435 4040 1574 4081 terra
1620 4026 1770 4097 nigra

740 4110 930 4175 suerin
973 4112 1042 4163 iba·
1077 4109 1260 4162 scrobes
1296 4106 1430 4177 fient
1463 4106 1557 4158 alei
1594 4108 1770 4161 cubita

1880 1239 2016 1306 duo,
2044 1252 2097 1293 et
2125 1241 2363 1311 palmum
2381 1279 2397 1304 ‚
2421 1253 2475 1293 et
2499 1254 2661 1295 erunt
2678 1241 2917 1313 quadrae

1878 1320 1937 1373 ti.
1966 1321 2149 1373 limo.

1958 1395 2011 1454 8.
2041 1400 2205 1469 Quieto
2229 1401 2478 1470 semipede.
2493 1399 2611 1452 Hoc
2641 1413 2751 1465 est,
2775 1400 2917 1454 duo-

1874 1480 1977 1532 bus
2018 1479 2241 1549 integris
2268 1478 2527 1550 pedibus,
2558 1491 2613 1532 et
2656 1482 2875 1534 semisse
2894 1509 2916 1545 ‚·

1874 1576 2011 1623 non,
2042 1558 2122 1611 uti
2152 1559 2521 1630 Daleeampius
2563 1561 2807 1631 putavit,
2852 1576 2911 1615 et

1873 1637 2221 1692 Casaubouus
2247 1637 2314 1691 ad
2344 1639 2698 1709 Theophrast.
2742 1640 2909 1693 Char.

1872 1735 1997 1788 pag.
2030 1717 2173 1780 113,
2199 1729 2429 1789 quatuor
2467 1717 2697 1788 pedibus
2732 1733 2789 1773 et
2823 1739 2911 1772 se·

1874 1796 2048 1849 misse.
2102 1795 2407 1868 Xenophon
2450 1797 2641 1851 similia
2697 1799 2867 1853 tradit
2893 1839 2909 1862 ,

1874 1877 2025 1947 cujus
2058 1877 2171 1930 brec
2204 1877 2377 1932 oratio
2412 1876 2482 1930 de
2522 1879 2804 1932 scrobibus
2844 1881 2909 1931 in

1873 1955 2265 2022 OEconomico,
2310 1975 2431 2028 pag.
2462 1957 2578 2019 864
2610 1976 2624 2009 ε
2664 1961 2791 2012 Τίνα.
2822 1956 2907 2012 οὖν

1873 2038 2035 2088 αὐτῶν
2059 2031 2189 2097 οἶδας
2216 2038 2475 2106 βαθύτερον
2516 2036 2792 2107 τριπόδου;
2822 2043 2910 2092 οὐ·

1871 2111 1931 2167 δὲ
1948 2113 2021 2184 μὰ
2048 2116 2121 2168 Δί’
2150 2119 2474 2186 ἱγωγιλφην,
2486 2115 2904 2188 πενθημιποὸίου.

1880 2221 1901 2243 ι
1925 2192 2225 2262 Vidistine,
2250 2195 2707 2266 inquit,scrobem
2730 2200 2909 2252 tribus

1871 2273 2095 2346 pedibus
2124 2275 2415 2329 altiorem?
2446 2273 2549 2328 Sed
2575 2279 2751 2347 neque
2788 2299 2907 2332 me-

1870 2355 2089 2406 hercule
2104 2355 2369 2426 ‚·inquam
2390 2385 2407 2418 ‚·
2434 2353 2648 2420 duobus
2672 2356 2905 2428 pedibus

1870 2447 1924 2486 et
1950 2433 2178 2487 semisse.
2204 2461 2225 2480 ο
2265 2429 2652 2505 nmo-eigamma
2690 2451 2903 2491 vertere

1867 2513 2073 2566 Plinius
2088 2514 2344 2585 potuisset
2362 2514 2660 2568 sestertium
2680 2515 2903 2587 pedem,

1869 2606 1929 2645 ut
1952 2595 2139 2647 eratin
2162 2594 2270 2647 XII
2300 2594 2545 2659 Tabulis,
2574 2608 2708 2650 teste
2730 2598 2905 2649 Volu-

1866 2673 1946 2726 sio
1976 2674 2233 2727 Maeciano
2256 2693 2271 2726 ε
2292 2672 2385 2727 sed
2414 2692 2587 2747 greco
2610 2694 2764 2729 more
2784 2696 2899 2730 ma-

1866 2753 1994 2818 luit,
2020 2758 2165 2825 quino
2201 2754 2433 2824 semipede
2482 2750 2677 2808 dicere.
2714 2758 2903 2829 Pergit

1864 2852 2031 2903 porro
2052 2832 2196 2885 idem
2209 2834 2515 2904 Xenophon
2528 2832 2597 2887 de
2612 2836 2903 2890 latitudine

1865 2912 2221 2981 pronunciare
2268 2914 2469 2985 pariter
2504 2932 2627 2967 cum
2669 2914 2849 2969 Plinio
2876 2938 2895 2971 ε

1865 2994 1925 3045 Ti
1952 2988 2011 3046 δὲ
2027 3029 2044 3058 ,
2093 2994 2151 3044 τὸ
2191 2992 2377 3055 πλάτος
2398 2989 2499 3051 ἤδη
2524 2993 2635 3047 ruo&
2655 2993 2897 3065 τριπόδου

1862 3074 2008 3124 πλέον
2034 3066 2186 3136 sidtu
2210 3070 2325 3125 οὐδὲ
2350 3072 2424 3145 μὰ
2440 3076 2663 3143 Δί’,ἰφην
2679 3077 2799 3146 ἐγὼ,
2811 3073 2897 3129 δι·

1863 3148 2041 3205 πόθου.
2068 3150 2244 3217 «Ωιιῐά
2260 3166 2434 3206 autem
2450 3153 2473 3205 Ρ
2488 3172 2785 3226 numquam
2813 3158 2898 3209 vi-

1863 3230 1988 3284 disti
2044 3231 2287 3284 scrobem
2358 3232 2649 3305 aliquando
2666 3275 2683 3297 ,
2738 3237 2899 3307 cujus

1862 3309 2088 3365 latitudo
2112 3324 2218 3364 tres
2240 3310 2403 3383 pedes
2424 3310 2751 3367 excederet?
2782 3318 2895 3369 Im-

1864 3410 1953 3444 mo
1971 3432 1986 3454 ,
2024 3392 2268 3463 inquam,
2313 3412 2424 3445 non
2450 3410 2611 3464 supra
2633 3394 2771 3449 duos
2796 3414 2893 3467 pe-

1861 3469 1976 3525 des.
1995 3495 2017 3516 ·
2066 3472 2246 3526 ΗΑιιυ.

1942 3570 1994 3619 9.
2024 3552 2278 3623 Nusquam
2312 3570 2442 3605 vem.
2470 3552 2751 3607 Pintiauus
2782 3554 2892 3608 fru-

1858 3641 1963 3683 stra
1978 3648 2240 3703 reponere
2260 3631 2469 3697 nititur,
2494 3632 2612 3685 Non
2632 3652 2893 3707 numquam

1859 3730 1977 3763 vero
1992 3749 2008 3776 ,
2022 3710 2287 3764 contraria
2304 3710 2461 3782 plane
2478 3712 2765 3767 sententia.
2784 3714 2891 3767 Pli-

1860 3791 1984 3844 nius
2026 3810 2223 3861 graecos
2267 3792 2555 3863 scriptores
2600 3793 2854 3864 sequitur
2875 3833 2891 3859 ,

1860 3888 2090 3941 quornm
2107 3871 2299 3943 placite
2314 3868 2383 3923 de
2398 3871 2675 3925 scrobibus
2699 3874 2894 3927 exscri-

1859 3948 1915 4000 bi
1944 3968 2087 4003 nunc
2114 3970 2143 4003 a
2168 3968 2227 4003 se
2250 3951 2366 4021 ipso
2408 3949 2608 4021 prodit.
2637 3952 2727 4006 Sic
2751 3965 2889 4007 certe

1858 4029 2197 4101 Xenophon,
2219 4031 2322 4083 loc.
2346 4030 2433 4083 cit.
2461 4022 2543 4083 Ῐὸε
2564 4026 2633 4087 δὴ
2665 4032 2753 4085 καὶ
2772 4029 2887 4086 τόδε

1860 4110 2116 4179 ἀπόκριναί
2146 4130 2226 4179 μοι
2244 4150 2261 4174 ,
2285 4105 2385 4165 ἤδη
2414 4109 2525 4164 τινὰ
2550 4106 2681 4173 sides,-
2703 4115 2764 4165 τὸ
2799 4114 2889 4179 βά·
