3150 5150
926 565 1235 634 LIBER
1284 567 1505 633 XIX.

178 707 411 778 Alliana
449 701 617 768 inter
663 673 916 768 Padum
950 699 1390 793 Ticinumque
1434 723 1698 786 amneS,
1747 700 1862 767 ubi
1911 699 1988 768 a¹

2156 567 2248 640 36
2265 595 2284 637 ι

1995 686 2297 773 ³Setabi

180 813 351 884 tertia
388 811 452 876 in
490 807 762 900 Europa
800 803 937 874 lino
976 803 1227 942 palma
1246 829 1261 872 ε
1312 805 1672 874 secundam
1739 807 1914 874 enim
1959 809 2030 876 in
2069 810 2287 878 vicino

175 917 423 990 Allianis
444 925 799 1012 capessunt
826 899 1227 980 Retovina¹⁴
1240 965 1259 999 ,
1291 927 1358 980 et
1385 913 1453 980 in
1476 911 1736 980 AEmilia
1766 914 1873 981 via
1901 915 2282 1004 Faventina.

178 1022 459 1095 Candote
500 1017 769 1087 Allianis
806 1041 1069 1114 semper
1106 1018 1326 1087 crudis
1344 1004 1778 1087 Faventina¹⁵
1805 1019 2284 1112 praeferuntur.
2323 1037 2354 1089 3

172 1127 495 1200 Retovinis
534 1127 822 1193 tenuitas
866 1150 1128 1194 summa
1174 1125 1631 1218 densitasque,
1681 1125 1934 1195 candor
1989 1153 2174 1222 aeque
2222 1145 2297 1198 ut

170 1233 561 1318 Faventinis,
598 1230 713 1300 sed
750 1230 997 1326 lanugo
1043 1229 1259 1316 nulla,
1303 1231 1482 1326 quod
1533 1232 1712 1327 apud
1763 1231 1924 1302 alios
1973 1236 2291 1326 glatiam,

166 1341 325 1438 apud
360 1339 525 1408 alios
563 1337 1003 1408 offensionem
1054 1338 1273 1408 habet.
1326 1323 1783 1408 Nervositasffl
1820 1338 1934 1408 filo
1980 1339 2295 1436 aequalior

162 1473 335 1544 paene
404 1469 609 1541 quam
660 1445 948 1532 araneis,
1004 1446 1279 1515 tinnitus
1326 1469 1453 1533 ue,
1504 1469 1708 1539 quum
1768 1443 2001 1515 dente¹
2008 1447 2032 1486 ⁷
2095 1439 2298 1518 libeat

160 1555 424 1650 experiri
462 1579 479 1621 ε
521 1551 671 1622 ideo
714 1550 993 1646 duplex,
1034 1551 1277 1646 quam¹
1346 1551 1636 1639 coeteris,
1658 1553 1966 1645 pretium.

248 1665 331 1730 Et
361 1660 687 1754 Hispania
710 1659 979 1728 citerior
1000 1658 1209 1728 habet
1238 1657 1661 1754 splendorem
1695 1656 1809 1727 lini
1839 1660 2284 1755 praecipuum,
2323 1677 2354 1733 6

158 1768 456 1840 torrentis
504 1765 577 1834 in
611 1790 745 1860 quo
789 1765 1041 1860 politur
1075 1780 1347 1849 natura,
1385 1768 1499 1860 qui
1535 1763 1724 1834 alluit
1741 1763 1788 1803 ¹⁹
1817 1769 2284 1838 Tarraconem.

149 1878 225 1944 Et
280 1873 579 1944 tenuitas
633 1873 833 1960 mira,
882 1873 973 1942 ibi
1021 1874 1313 1970 primum
1364 1871 1656 1942 carbasis
1711 1875 1991 1967 repertis

142 2065 445 2135 scriptorem
478 2062 825 2118 'ficinensem
842 2101 859 2126 ,
908 2081 1055 2116 nunc
1092 2075 1171 2116 est

144 2145 543 2208 taunacum,
581 2141 758 2197 adhuc
788 2143 901 2195 lino
927 2142 1168 2196 celebris.

138 2223 278 2277 MSS.
300 2235 434 2277 vett.
457 2235 519 2276 et
551 2221 684 2277 edit.
706 2222 957 2296 princeps
975 2263 991 2287 ,
1021 2223 1171 2276 Atta·

134 2325 206 2356 na.
236 2305 338 2358 Eo.

214 2383 299 2438 13.
336 2385 393 2437 A
421 2381 621 2436 setabi.
664 2382 867 2437 Setabis
904 2379 1171 2454 oppidum

130 2461 387 2534 Hispania
434 2464 495 2516 in
550 2461 697 2516 edito
748 2474 930 2516 monte
978 2463 1137 2515 situm
1156 2502 1171 2529 ,

129 2543 471 2598 laudatissimi
501 2544 608 2597 lini
632 2555 916 2615 ,proventu
957 2543 1168 2611 nobile,

128 2624 361 2694 quamvis
386 2622 601 2677 Strabo
628 2636 679 2677 et
708 2623 799 2677 alii
825 2621 1042 2695 quidam
1066 2622 1170 2676 flu-

128 2704 261 2757 vium
284 2724 401 2757 esse
420 2704 639 2759 dicant.
657 2704 903 2757 Catullus
920 2702 992 2755 ob
1010 2702 1170 2757 suda-

128 2784 193 2837 ria
234 2784 435 2838 Setaba
482 2802 597 2857 per
638 2784 955 2837 illiberalem
983 2784 1169 2853 jocum

128 2878 351 2937 surrepta
370 2864 584 2918 Asinio
596 2863 1068 2935 hendecasyllabos
1078 2865 1172 2916 mi-

128 2956 283 2997 natur.
308 2944 456 2999 End.
482 2944 521 2997 J
526 2963 625 2997 un.
666 2944 764 2997 lib.
792 2945 894 3010 lv,
923 2962 1039 3014 cap.
1073 2946 1165 2999 28·

128 3025 242 3077 Du..
258 3058 339 3068 —
356 3028 419 3078 A
439 3025 646 3079 Setaha’.
672 3025 800 3078 Post
822 3024 929 3075 lina
951 3022 1139 3077 Setabe
1154 3063 1172 3090 ,

128 3103 175 3155 le
200 3106 403 3175 quibus
424 3106 659 3177 egimus
690 3104 745 3156 in
776 3104 983 3157 Praefat.
1013 3102 1078 3155 ad
1100 3104 1167 3155 T.

128 3184 325 3256 Vespas.
362 3186 455 3239 De
484 3184 675 3239 Setabi
704 3180 912 3255 oppido⁴
938 3181 1172 3237 diximus

128 3264 189 3316 ib.
218 3267 303 3317 111
322 3304 339 3327 ,
364 3284 503 3336 cap.
534 3264 773 3330 4.Silius
796 3262 916 3316 Ital.
935 3263 1033 3315 lib.
1055 3264 1168 3316 111:

129 3344 361 3399 ·Setabis
390 3358 451 3398 et
478 3346 627 3399 telas
650 3346 884 3396 Arabum
912 3342 1170 3413 sprevisse

128 3427 327 3496 sperba
346 3465 365 3489 ,
412 3427 496 3479 Et
530 3424 813 3478 Pelusiaco
839 3423 989 3475 filum
1020 3440 1171 3475 com-

129 3524 298 3559 onere
327 3506 485 3559 lino.
532 3531 561 3553 ιι
602 3504 817 3558 Gratius
851 3522 1071 3574 quoque
1113 3503 1171 3555 in

128 3586 359 3659 r'yneget.
414 3604 578 3639 vers.
630 3592 699 3649 4¹
731 3600 746 3636 z
783 3609 806 3632 ι
840 3583 1171 3654 Hispanique

128 3670 187 3717 io
219 3678 583 3737 spectantur
614 3664 826 3717 Setabes
856 3681 975 3716 usu.
996 3689 1019 3711 ι
1062 3663 1130 3717 Η.

172 3765 196 3799 ι’
210 3752 267 3809 6.
284 3747 586 3798 Retouina.
602 3745 685 3796 Ab
704 3741 910 3815 oppido
930 3742 1172 3808 Retovio,

128 3844 189 3877 re
222 3826 471 3879 Ritobio
497 3862 518 3889 ,
554 3822 705 3896 quod
747 3822 903 3877 Livio
932 3820 1040 3875 diei
1080 3822 1171 3875 Li-

128 3906 332 3969 mium,
350 3907 467 3959 lib.
504 3904 755 3969 xxxn,
782 3903 1064 3957 Cluverius
1092 3921 1174 3955 ar-

133 4000 321 4040 tratur
354 3987 421 4039 in
454 3984 603 4038 Ital.
635 3997 746 4038 ant.
773 4003 828 4055 p.
854 3985 950 4053 78.
982 3982 1051 4035 H.

156 4086 179 4118 ι
197 4069 255 4120 5.
288 4067 563 4119 Allianis
587 4084 766 4134 semper
794 4063 955 4115 erudis
978 4062 1170 4115 Faven-

128 4166 187 4199 ια.
208 4146 311 4201 Sic
334 4147 535 4199 Maro
562 4144 622 4196 in
640 4148 759 4197 AEn.
779 4145 881 4210 lx,
897 4141 1035 4214 743,
1051 4162 1170 4196 cor·

128 4246 229 4280 :em
270 4224 555 4281 crudum
596 4223 733 4280 dixit
756 4242 857 4295 pro
892 4221 1069 4277 viridi.
1100 4222 1167 4275 H.

2009 1871 2079 1942 ²⁰.
2129 1875 2196 1944 N
2197 1899 2288 1944 on

1348 2066 1437 2116 16.
1488 2063 1788 2116 lvo-micas.
1833 2063 2083 2116 Fir-mites
2113 2064 2161 2116 ei
2195 2064 2289 2118 silo

1262 2153 1367 2206 est,
1395 2143 1799 2215 aqualitasque,
1823 2143 1927 2195 boe
1952 2156 2029 2198 est
2050 2184 2065 2209 ,
2094 2145 2257 2198 loevor
2272 2183 2288 2206 ,

1260 2241 1321 2275 ac
1333 2235 1590 2294 perpetua
1616 2223 1732 2275 sine
1748 2223 1856 2276 ulla
1870 2223 2167 2277 offensione
2188 2243 2289 2294 po·

1260 2302 1439 2356 litura.
1470 2303 1658 2356 Hum.

1346 2401 1368 2435 π
1382 2401 1437 2451 7.
1468 2383 1631 2452 Quum
1673 2383 1828 2436 deme.
1852 2383 1956 2436 Vel
1986 2388 2084 2436 oris
2100 2423 2116 2448 ,
2143 2383 2288 2455 quod

1260 2461 1425 2534 iringis
1453 2464 1628 2532 probo
1645 2503 1661 2526 ,
1689 2463 1775 2516 vel
1796 2467 2030 2532 pectinis,
2073 2477 2132 2517 ut
2166 2464 2289 2535 qui-

1257 2539 1379 2594 dam
1412 2557 1704 2613 exponunt.
1754 2544 1963 2598 Diuo.
2005 2575 2086 2587 -—-
2127 2544 2287 2614 Quum

1256 2624 1412 2675 dente.
1426 2623 1482 2675 Si
1498 2620 1674 2689 dente,
1687 2642 1779 2677 seu
1799 2643 1975 2677 morsu
1995 2624 2148 2677 filum
2166 2643 2290 2695 pre-

1258 2702 1489 2764 hendas,
1517 2702 1770 2776 idemque
1794 2703 1964 2776 digito
1989 2703 2202 2768 tendas,
2227 2716 2312 2757 ac·

1258 2782 1486 2835 subinde
1520 2784 1726 2856 quatias
1744 2823 1761 2848 ,
1790 2782 1949 2838 dente
1978 2798 2092 2838 tum
2127 2784 2290 2837 tinni-

1258 2876 1371 2915 tum
1398 2864 1620 2925 sentias,
1655 2864 2010 2936 sonitumque.
2039 2864 2223 2917 Hsan.

1346 2944 1435 2997 18.
1452 2942 1676 3015 Duplex,
1703 2964 1866 3017 quam.
1897 2946 2008 2997 Hac
2030 2942 2289 3013 loquendi

1258 3022 1433 3075 forma
1476 3041 1602 3077 usus
1641 3024 1799 3077 etiam
1841 3024 2055 3078 Colum.
2097 3023 2190 3075 lib.
2229 3025 2285 3083 1.

1257 3120 1372 3173 cap.
1403 3104 1454 3156 8.
1484 3102 1671 3157 Hun.

1346 3200 1436 3250 19.
1476 3182 1579 3251 Qui
1611 3182 1756 3234 alluit
1797 3184 2134 3247 Tay-raconem.
2169 3182 2291 3236 Flu-

1259 3260 1405 3314 mine
1432 3261 1563 3314 Subi
1608 3262 1736 3315 allai
1766 3262 2122 3315 Tarraconem
2147 3262 2288 3327 dixi,-

1258 3358 1379 3393 mus
1404 3341 1501 3395 lib.
1526 3343 1640 3405 ΙΙΙ,
1665 3360 1780 3412 cap.
1809 3349 1864 3407 4.
1897 3343 2078 3394 Ilum.

1345 3440 1428 3474 so.
1455 3421 1688 3475 Car-basis
1709 3425 1922 3491 repet-eis.
1949 3422 2210 3475 Cat-basus
2228 3422 2292 3475 li-

1258 3501 1315 3554 ni
1342 3519 1513 3571 genus
1536 3502 1830 3555 tenuissimi
1856 3502 1912 3554 in
1935 3501 2191 3573 Hispania
2212 3521 2294 3555 re-

1256 3593 1492 3651 pertum,
1514 3601 1624 3652 quo
1643 3582 1918 3634 texebatur
1938 3582 2095 3635 vestis
2115 3585 2291 3653 magui

1260 3660 1458 3732 pretii,
1488 3661 1721 3733 antiquis
1765 3662 1819 3714 in
1855 3659 2060 3715 deliciis
2089 3662 2292 3726 habita,

1262 3754 1321 3793 ut
1342 3741 1539 3795 sericea
1560 3740 1735 3794 nobis.
1757 3742 1915 3815 Virg.
1941 3740 2156 3796 AEneid.
2185 3744 2291 3810 xl,

1263 3824 1379 3891 776
1408 3838 1423 3873 :
1469 3848 1491 3868 ·
1519 3860 1564 3876 ..
1582 3860 1594 3872 .
1618 3822 2091 3894 chlamydemque,
2125 3822 2298 3876 sinus·'

1261 3919 1367 3973 que
1398 3915 1683 3973 crepantes
1721 3902 2033 3968 Carbaseos,
2061 3902 2211 3955 fulvo
2236 3903 2290 3955 in

1260 3978 1469 4034 nodum
1497 3981 1784 4053 collegerat
1811 4000 1962 4034 auro.
1987 4007 2010 4028 ι
2044 3982 2112 4046 Q.
2137 3980 2291 4035 Curt.

1262 4061 1356 4113 lib.
1382 4061 1551 4119 VIII,
1588 4082 1651 4130 9,
1687 4072 1800 4125 ²4²
1849 4086 1870 4109 ι
1893 4062 2127 4114 Carbaso
2170 4062 2291 4114 Indi

1260 4159 1485 4212 corpora
1531 4160 1700 4213 usque
1746 4140 1906 4213 pedes
1955 4141 2132 4194 velant
2159 4159 2173 4193 ε
2199 4161 2293 4195 eo·

1259 4237 1487 4290 rumque
1499 4239 1594 4275 rex
1613 4240 1766 4276 aurea
1781 4218 1984 4287 lectica,
1995 4222 2298 4294 margaritis
