3150 5150
770 535 899 610 156
1296 537 1377 606 C.
1429 537 1766 606 PLINII
1815 537 2032 608 NAT.
2089 537 2341 606 HIST.

757 670 999 767 liquida
1040 671 1375 766 perunctis
1412 670 1834 740 caudicibus:
1877 695 2002 740 nec
2045 694 2184 740 non
2228 683 2296 738 et
2343 669 2521 764 pisce
2557 691 2878 762 suspenso

687 787 723 837 6
758 779 941 873 juxta
978 778 1043 845 in
1088 800 1295 844 unum
1333 776 1551 846 locum
1595 791 2006 912 congregant
2043 802 2058 846 :
2117 789 2236 844 aut
2274 774 2500 870 lupino
2537 775 2698 842 trito
2727 799 2875 842 cum

760 884 907 953 oleo
966 880 1219 952 radices
1262 881 1495 952 linunt.
1568 873 1852 953 Multi²⁸
1907 897 1976 952 et
2017 881 2228 977 talpas
2281 904 2552 950 amurca
2595 893 2878 949 necant:

760 1003 1125 1083 contraque
1154 991 1449 1058 erucas²⁹
1451 1003 1571 1076 ‚et
1597 988 1766 1058 mala
1805 1013 1890 1058 ne
1921 1001 2344 1117 putrescant,
2361 985 2622 1056 lacertae
2655 984 2877 1054 viridis

760 1093 911 1165 felle
932 1097 1113 1188 tangi
1134 1096 1746 1188 cacuminajubcnt.
1767 1097 2077 1164 Privatim
2095 1078 2344 1162 autem³
2347 1091 2628 1161 'contra
2655 1113 2884 1160 erucas

762 1201 999 1270 ambiri
1018 1201 1291 1272 arbores
1316 1186 2014 1297 singulasamuliere³¹
2053 1199 2308 1268 incitati
2342 1187 2618 1268 mensis³
2625 1195 2882 1282 ²,nudis

764 1307 1070 1402 pedibus,
1116 1307 1431 1376 recincta.
1484 1311 1659 1376 Item
1709 1329 1792 1374 ne
1834 1305 2014 1400 quod
2055 1303 2302 1374 animal
2347 1317 2542 1422 pastu
2585 1301 2884 1370 malefico

764 1411 1079 1507 decerpat
1100 1411 1441 1499 frondem,
1472 1411 1633 1482 fimo
1655 1411 1858 1481 boum
1881 1410 2091 1480 diluto
2115 1411 2376 1505 aspergi
2407 1409 2601 1495 folia,
2633 1409 2884 1502 quoties

763 1517 975 1588 imber
1008 1520 1435 1600 interveniat
1477 1503 1842 1611 quoniam³
1845 1503 2002 1587 ³ita
2047 1516 2356 1586 abluatur
2389 1517 2570 1584 virus
2605 1513 2884 1582 medica·

770 1625 999 1692 minis.
1024 1625 1191 1692 mira
1212 1623 1520 1743 quaedam
1546 1625 1960 1718 excogitante
1989 1621 2254 1693 solertia
2285 1621 2598 1690 humana.
2627 1620 2888 1712 Quippe

766 1753 975 1824 quum
1026 1729 1229 1798 averti
1279 1730 1567 1801 carmine
1609 1728 1960 1822 grandines
1995 1729 2271 1800 credant
2313 1725 2668 1823 plerique.
2711 1725 2885 1817 cujus

768 1834 973 1904 verba
1021 1835 1307 1904 inserere
1352 1860 1485 1904 ιιοιι
1540 1835 1844 1929 equidem
1889 1838 2061 1906 aerio
2128 1835 2384 1921 ausim,
2439 1853 2816 1926 quanquam
2853 1851 2888 1894 a

770 1943 1025 2010 Catone
1062 1925 1389 2071 prodita³⁴
1392 1993 1411 2024 ‚
1446 1957 1678 2010 contra
1709 1939 1932 2012 luxata
1969 1940 2305 2024 membra,
2339 1937 2682 2034 jungenda
2715 1959 2888 2004 arun-

770 2047 997 2118 dinum
1034 2031 1351 2116 fissurae³⁵
1356 2047 1616 2116 .Idem
1661 2033 2000 2118 arbores³⁶
2033 2046 2369 2142 religiosas
2411 2043 2731 2139 lucosque
2767 2065 2890 2110 suc-

1875 2248 2054 2302 Dalec.
2087 2245 2208 2300 cod.
2242 2249 2454 2298 incitatis
2501 2243 2754 2296 mensibus.
2797 2241 2892 2292 En.

1959 2326 2052 2378 33.
2085 2327 2328 2396 Quoniam
2364 2329 2436 2377 ita
2465 2325 2717 2376 abluatur.
2757 2321 2890 2384 Quo-

1876 2406 2020 2462 niam
2063 2405 2378 2458 adveniente
2402 2422 2526 2456 mox
2575 2404 2750 2456 imbre
2777 2400 2894 2451 fimo

1880 2487 2028 2540 virus
2052 2503 2212 2538 omne
2238 2485 2494 2538 abluitur.
2515 2481 2703 2536 liano.

1963 2563 2056 2629 34.
2085 2566 2138 2619 A
2175 2563 2363 2619 Catone
2381 2561 2598 2635 pmdita.
2643 2563 2773 2631 Cap.
2803 2575 2892 2611 cu

1881 2644 1950 2698 de
1975 2646 2054 2697 Re
2078 2646 2280 2698 Βιιιι..
2303 2645 2516 2697 Luxum
2545 2642 2590 2695 ri
2610 2638 2761 2713 quod
2799 2649 2897 2699 eat,

1879 2725 1980 2779 bac
1991 2723 2238 2777 cantione
2255 2717 2894 2777 aannmfiet.Arnndine1n

1879 2802 2086 2876 prende
2127 2802 2227 2855 tibi
2259 2801 2485 2856 viridem
2530 2820 2582 2854 ι».
2631 2820 2694 2855 xv
2741 2809 2826 2851 aut
2867 2812 2896 2843 v

772 2263 902 2300 num
958 2244 1153 2316 piscem
1207 2258 1391 2300 contra
1444 2247 1692 2302 formicas
1729 2245 1786 2300 in

772 2327 963 2380 arbore
990 2323 1415 2396 suspendendum
1456 2345 1569 2380 eaae
1601 2326 1790 2380 confir-

772 2416 939 2456 mant.
977 2429 1001 2451 ο
1034 2402 1185 2456 Idem
1215 2417 1267 2457 et
1306 2405 1551 2477 lupinum
1578 2404 1648 2458 ad
1671 2424 1790 2458 eam

776 2501 888 2536 rem
919 2481 1259 2558 commendat
1280 2484 1377 2539 lib.
1403 2486 1457 2541 1.
1482 2499 1523 2539 t.
1544 2485 1641 2540 35.
1679 2485 1748 2536 Η.

860 2565 952 2618 28.
970 2561 1121 2615 Malea·
1142 2575 1191 2615 ee
1202 2563 1379 2635 talpas.
1402 2565 1517 2618 Alia
1539 2561 1792 2618 adverana

776 2640 890 2695 illaa
937 2641 1169 2696 remedia
1218 2642 1483 2697 Palladius
1529 2644 1688 2697 affert
1735 2643 1794 2696 in

777 2721 1003 2787 Martio,
1053 2721 1141 2775 tit.
1192 2740 1227 2791 9
1274 2738 1289 2775 t
1340 2741 1363 2764 ⁸
1400 2724 1600 2779 Contra
1627 2722 1797 2795 talpas

778 2798 993 2871 prodeat
1010 2814 1155 2855 catos
1184 2802 1488 2873 frequenter
1514 2802 1712 2855 habere
1737 2801 1794 2853 in

778 2878 967 2933 mediis
990 2878 1273 2935 carduetia.
1318 2882 1569 2935 Mustelae
1597 2882 1796 2935 habent

778 2958 1021 3029 pledque
1046 2974 1338 3013 mansuetae
1378 2960 1561 3032 Aliqui
1580 2959 1798 3013 forami-

780 3056 849 3093 na
870 3039 1081 3093 illarum
1106 3040 1321 3093 rubrica
1338 3054 1393 3093 et
1412 3058 1567 3095 succo
1586 3038 1800 3111 agrestis

782 3118 1079 3171 cucumeris
1122 3119 1497 3191 impleverunt.
1540 3118 1800 3173 Nonnulli

781 3200 925 3265 juxta
951 3198 1147 3251 cubilia
1194 3199 1457 3271 talparum
1495 3200 1680 3269 plures
1713 3216 1800 3251 ca·

785 3295 968 3329 vernas
1012 3277 1259 3349 aperiunt
1276 3316 1294 3345 ,
1346 3292 1409 3333 nt
1463 3279 1565 3333 illa
1607 3277 1802 3331 territo

786 3356 986 3425 fugiant
1012 3356 1137 3408 solia
1170 3356 1420 3411 admissu.
1452 3357 1698 3428 Plerique
1725 3356 1803 3409 la·

786 3452 951 3505 quone
972 3434 1029 3486 in
1053 3432 1204 3489 aditu
1220 3454 1403 3491 earum
1424 3438 1547 3491 aetia
1564 3434 1804 3509 penden-

786 3514 929 3565 tibua
948 3526 1171 3583 ponunt.
1198 3541 1221 3561 ι
1256 3515 1437 3569 Haan.

872 3610 963 3661 29.
994 3592 1266 3665 Contraque
1288 3614 1468 3647 erucas.
1502 3594 1656 3649 MSS.
1685 3614 1804 3648 om·

790 3689 883 3723 nea
898 3710 914 3734 ,
936 3670 1137 3741 ubique
1156 3692 1327 3725 arum
1352 3674 1668 3745 prefer-unt.
1697 3673 1764 3725 Η.

872 3750 961 3803 30.
980 3750 1217 3803 Privatim
1236 3765 1409 3805 autem.
1422 3751 1563 3805 Vide
1590 3771 1708 3823 qun
1732 3752 1807 3805 di·

790 3830 929 3883 cturi
946 3848 1127 3883 sumus
1146 3832 1241 3884 lib.
1262 3832 1468 3897 XXIX,
1488 3850 1608 3901 cap.
1628 3834 1711 3885 13.
1737 3832 1803 3883 Η.

872 3908 903 3959 3
918 3929 939 3962 ι
953 3948 965 3962 .
978 3909 1180 3963 Malim
1194 3914 1578 3966 incitatimensis.
1593 3910 1810 3963 Mulieri

790 4006 908 4059 quai
934 3989 987 4041 in
1015 3990 1295 4043 menstruis
1334 4004 1441 4055 est,
1484 3990 1569 4043 cui
1609 4008 1814 4043 menses

792 4066 986 4123 fluunt.
1022 4070 1203 4123 Hann-

875 4154 963 4199 32.
1014 4149 1210 4202 Incitaei
1254 4154 1438 4203 mensis.
1494 4152 1619 4203 Vet-
1667 4147 1812 4221 apud

1880 2883 2110 2953 longam.
2141 2880 2374 2936 Medi-m
2401 2878 2663 2945 diffinde,
2703 2890 2755 2931 et
2798 2873 2893 2927 dno

1881 2962 2124 3016 homine·
2169 2974 2384 3015 teneant
2439 2959 2508 3013 ad
2572 2954 2890 3013 coxendices.

1885 3041 2070 3113 Incipe
2093 3053 2306 3095 cantare
2329 3041 2386 3093 in
2411 3038 2575 3093 malo.
2607 3036 2665 3090 S.
2697 3036 2755 3089 F.
2781 3033 2894 3097 (hoc

1886 3133 1991 3184 eat,
2027 3120 2218 3173 sanitas
2257 3115 2468 3183 fracto)
2507 3130 2684 3171 motae
2725 3113 2895 3167 damu

1889 3198 2060 3253 darie·
2081 3196 2352 3251 ‹lardariea
2375 3195 2666 3252 aatatariea.
2690 3194 2788 3249 Dic
2803 3206 2896 3244 una

1887 3296 2050 3371 parea.
2083 3296 2252 3349 usque
2304 3276 2434 3330 dnm
2477 3288 2712 3331 coeant.
2761 3267 2895 3325 ,Ubi

1890 3357 2142 3422 coierint,
2157 3369 2210 3411 et
2231 3356 2393 3409 altera
2418 3356 2640 3411 alteram
2663 3349 2898 3422 tetigerit,

1891 3450 1992 3491 etc.
2021 3438 2259 3489 »Hann-

1975 3516 2068 3569 35.
2101 3514 2408 3569 Amulium
2425 3511 2642 3583 fissum.
2677 3504 2896 3567 Cat-mini

1891 3593 2199 3667 adjungitur
2253 3592 2460 3647 arundo
2515 3592 2683 3645 flaua.
2740 3589 2900 3641 luxato

1895 3676 2136 3729 membro
2165 3673 2504 3746 applicatur.
2533 3688 2750 3725 carmen
2787 3664 2902 3721 reci·

1895 3767 2072 3817 tatur,
2109 3753 2238 3807 dum
2265 3750 2477 3806 arundo
2515 3750 2726 3821 gemina
2753 3754 2905 3802 coeat-

1897 3834 2080 3889 Hann.
2085 3830 2574 3901 —Arundinmfiss
2549 3850 2696 3883 sm
2715 3828 2770 3882 F
2757 3840 2900 3880 istun

1897 3912 2226 3967 arundinum
2259 3924 2338 3965 est
2363 3929 2487 3963 eane
2524 3928 2690 3982 quum
2714 3900 2904 3961 arundi-

1899 4011 1994 4045 nes
2021 3992 2078 4045 in
2103 3993 2295 4045 assulae
2321 3988 2636 4051 finduntur,
2667 4002 2726 4041 ut
2750 3989 2902 4037 luxata

1899 4072 2176 4125 firmentur
2187 4070 2445 4125 membra.
2459 4072 2586 4125 Hoc
2595 4086 2696 4121 nos
2703 4064 2906 4119 dicimus

1899 4151 1978 4203 des
2029 4152 2224 4203 detines.
2269 4148 2641 4203 Arundinibus
2677 4145 2906 4199 utebatur
