3150 5150
913 479 1234 548 LlssER
1297 455 1612 549 xvm.

2186 511 2327 586 ¹79

167 637 264 680 ne
293 609 542 705 cupide
585 635 786 680 emas.
831 612 912 679 ln
958 635 1030 680 re
1071 611 1316 681 rustica
1364 637 1587 707 operae
1620 637 1705 682 ne
1740 637 1975 708 parcas
1992 669 2013 704 ‚
2050 617 2119 688 in
2158 641 2321 714 agro

167 717 470 787 emendo
491 717 780 786 minime.
810 715 1016 806 Quod
1042 716 1214 788 male
1237 734 1534 838 emptum
1556 733 1700 802 est,
1734 744 1996 817 semper
2012 727 2313 818 poenitet.

2052 817 2077 862 4

169 829 443 944 Agrum
457 838 808 919 paraturos
827 837 982 894 ante
995 825 1216 896 omnia
1243 825 1490 896 intueri
1520 840 1789 920 oportet
1806 851 2047 922 aquam
2081 833 2315 916 ‚viarm

169 945 246 1000 et
279 931 598 1002 vicinum.
625 928 898 1060 Singula
936 915 1244 1050 magnas⁵
1264 933 1843 1027 interpretationes
1875 934 2161 1022 habent,
2194 963 2320 1010 nec

169 1036 440 1108 dubias.
471 1021 684 1108 Cato⁶
715 1037 784 1106 in
821 1037 1250 1108 conterminis
1281 1037 1414 1108 hoc
1447 1037 1733 1133 amplius
1763 1040 2071 1111 aestimari
2090 1042 2322 1136 jubet,

171 1168 318 1237 quo
347 1157 551 1238 pacto
589 1143 899 1215 niteant:
941 1143 1012 1212 in
1055 1142 1233 1212 bona
1283 1144 1496 1230 enim,
1539 1145 1793 1238 inquit,
1818 1148 2110 1276 regione
2159 1149 2329 1222 bene

171 1252 418 1319 nitent.
463 1247 703 1318 Atilius
749 1247 1078 1344 Regulus⁷
1097 1303 1118 1336 ‚
1169 1247 1278 1318 ille
1319 1197 1587 1321 Punico
1626 1237 1841 1321 bello⁸
1894 1251 1993 1324 bis
2035 1256 2318 1346 consul,
2355 1281 2387 1332 3

169 1356 444 1444 aiebat,
479 1379 696 1450 neque
719 1354 1200 1426 fecundissimis
1219 1353 1384 1426 locis
1399 1356 1803 1428 insalubrem
1828 1382 2065 1452 agrum
2083 1386 2322 1457 paran-

171 1461 380 1544 dum,
415 1487 632 1556 neque
653 1461 870 1534 effetis
887 1461 1416 1532 saluberrimum.
1443 1462 1810 1534 Salubritas
1834 1463 1961 1535 loci
1996 1491 2133 1536 non
2158 1493 2326 1540 sem-

171 1593 304 1663 per
341 1567 714 1640 incolarum
752 1568 978 1640 colore
1013 1566 1344 1664 detegitur
1363 1620 1384 1654 ,
1419 1571 1735 1663 quoniam
1763 1573 2005 1642 assueti
2028 1575 2228 1645 etiam
2254 1577 2325 1644 in

171 1674 646 1769 pestilentibus
673 1674 933 1746 durant.
966 1678 1289 1746 Praeterea
1321 1691 1478 1746 sunt
1505 1676 1807 1772 quaedam
1836 1679 2139 1772 partibus
2166 1683 2323 1752 anni

175 1779 518 1867 salubria3
563 1780 724 1852 nihil
773 1796 994 1852 autem
1045 1780 1333 1852 salutare
1377 1798 1478 1852 est
1496 1836 1517 1872 ,
1571 1785 1695 1854 nisi
1740 1783 1921 1878 quod
1960 1799 2105 1856 toto
2144 1811 2323 1857 anno

171 1967 297 2019 cap.
333 1965 357 2000 ι
395 1960 448 2001 et
490 1965 537 2000 n
569 1971 584 2012 ;
635 1948 917 2019 vegetius,
957 1947 1051 2001 lib.
1085 1949 1114 2000 1
1145 1945 1214 2001 de

173 2027 420 2081 militum
443 2025 688 2093 delectu3
717 2025 842 2081 vide
868 2039 922 2080 et
958 2027 1114 2082 Ales.
1144 2028 1213 2082 ab

171 2109 334 2162 Alex.
361 2107 536 2174 lib-I,
560 2127 678 2180 cap.
707 2125 791 2162 so.
814 2110 956 2162 Du..

265 2194 320 2250 4.
357 2187 560 2260 Aquam
579 2228 592 2249 ,
621 2191 756 2240 viam
775 2227 790 2252 ,
816 2200 865 2239 ee
889 2189 1116 2241 victuma.
1148 2188 1212 2242 In

173 2266 336 2320 MSS.
368 2269 499 2338 neg.
525 2267 745 2339 aliisque
777 2285 982 2340 aquam,
1002 2271 1123 2322 vim.
1148 2268 1212 2320 Iu

171 2345 372 2414 editis,
395 2366 630 2420 aquarum
658 2350 791 2412 vein,
823 2346 976 2400 male.
1004 2347 1170 2402 Cato
1154 2365 1210 2400 ιιι

169 2428 337 2498 ιιι-εἷ.
381 2425 450 2480 de
493 2429 572 2480 Re
611 2429 759 2480 Rust.
789 2446 998 2498 aquam,
1041 2431 1208 2490 viam,

171 2503 529 2560 scribendum
573 2507 825 2579 suggerit.
876 2507 1096 2571 ·,Loco
1125 2506 1210 2558 in·

171 2588 328 2659 quit,
373 2588 576 2641 salubri
601 2606 726 2659 ager
749 2586 874 2651 siet,
901 2588 1212 2658 bonumque

173 2668 464 2739 aquarium
489 2662 600 2729 (alii
627 2664 1035 2738 codd-boumque
1056 2687 1212 2738 aqua-

171 2745 336 2811 η’ωιι)
359 2745 628 2819 oppidum
651 2746 882 2801 validum
906 2765 1076 2819 prope
1095 2746 1210 2807 siet,

169 2841 274 2881 aut
318 2844 500 2891 mare,
533 2840 626 2881 aut
669 2827 838 2879 amnis
859 2866 876 2893 ‚
916 2845 1023 2897 qua
1053 2844 1212 2879 naves

167 2906 493 2968 ambulent,
535 2919 627 2960 aut
663 2908 748 2961 via
785 2907 928 2959 bona
966 2906 1213 2960 celebris·

169 3005 308 3058 que.
339 3014 364 3035 ι
406 2985 702 3042 Columella
743 3005 992 3059 quoque,
1022 2986 1112 3039 lib.
1147 2987 1212 3049 1,

168 3084 302 3135 cap.
331 3066 364 3121 3
388 3084 402 3119 ε
430 3092 454 3113 «ι
473 3066 602 3120 Post
622 3068 736 3121 haec
765 3065 876 3120 duo
903 3066 1214 3139 principalia

165 3147 544 3217 subjungebat
589 3148 720 3201 Cato
757 3147 847 3199 illa
887 3166 998 3199 non
1041 3146 1214 3199 minus

165 3224 444 3279 intuenda
461 3247 476 3277 ε
504 3224 644 3281 viam
663 3268 680 3293 ‚
710 3240 764 3280 et
789 3245 977 3296 aquam
995 3266 1012 3289 ,
1044 3239 1098 3279 et
1134 3226 1214 3278 vi-

163 3307 389 3359 einum.
415 3305 652 3359 Multum
683 3307 923 3360 conferre
947 3306 1086 3377 agris
1110 3306 1214 3359 iter

163 3384 537 3439 commodum
574 3407 588 3440 ι
629 3387 865 3458 primum
890 3426 904 3448 ,
948 3384 1097 3457 quod
1139 3398 1218 3439 est

165 3466 520 3527 maximum,
553 3466 720 3539 ipsam
756 3465 1084 3537 presentiam
1113 3464 1214 3519 do-

164 3546 348 3611 mini,
403 3546 500 3617 qui
541 3546 793 3600 libentius
832 3558 1217 3599 commeaturus

163 3626 279 3693 sit,
305 3626 354 3679 si
383 3627 714 3679 vexationem
755 3626 856 3678 viae
896 3645 1006 3679 non
1045 3626 1216 3679 refor-

165 3704 354 3759 midet
377 3722 392 3757 :
419 3703 618 3760 deinde
663 3703 730 3759 ad
764 3702 1004 3758 vehenda
1048 3716 1100 3757 et
1127 3724 1216 3758 ex-

161 3783 450 3857 portanda
496 3785 756 3839 utensilia.
777 3826 791 3839 .
810 3824 824 3839 .
869 3787 950 3838 De
977 3784 1217 3838 bonitate

161 3884 334 3938 aqua
379 3865 454 3917 ita
498 3866 748 3919 omnibus
771 3866 970 3919 clarum
1001 3877 1112 3930 est,
1159 3877 1219 3919 ut

161 3947 434 4017 pluribus
449 3963 562 3997 non
579 3946 650 3999 sit
674 3944 1054 3999 disserendum.
1070 3985 1083 3998 .
1101 3984 1114 3997 .
1138 3946 1218 3998 De

159 4025 352 4079 vicini
395 4023 684 4079 commodo
724 4044 836 4078 non
883 4038 960 4079 est
999 4022 1219 4098 quidem

160 4118 392 4161 certum
405 4143 424 4173 ,
441 4123 604 4178 quem
628 4124 1034 4177 nonnumquam
1061 4124 1222 4172 mors,

1299 1947 1518 2020 aliaeque
1565 1949 1843 2003 nobiscum
1887 1949 2109 2006 diverse
2154 1972 2326 2007 causat

1299 2040 1535 2090 mutant,
1563 2041 1667 2082 etc.
1692 2053 1714 2074 ι
1759 2027 1946 2085 Ηιιιι).

1379 2115 1429 2162 5.
1474 2107 1685 2178 Singula
1722 2129 1924 2179 magnas
1962 2114 2322 2180 interpretatio·

1295 2207 1377 2240 nes
1396 2187 1594 2250 liabent,
1618 2207 1704 2240 nee
1724 2189 1910 2242 dubias.
1930 2190 2039 2244 Has
2059 2191 2324 2262 interpre-

1295 2267 1519 2321 tationes
1550 2284 1621 2320 ex
1650 2267 1947 2322 Columella
1972 2267 2124 2324 dedit
2150 2269 2322 2328 Hard-

1293 2360 1408 2401 not.
1439 2354 1470 2411 4
1497 2365 1615 2418 sup.
1644 2347 1751 2400 En.

1377 2431 1430 2480 6.
1464 2427 1607 2480 Cato.
1638 2428 1773 2480 Cato
1789 2465 1809 2492 ,
1853 2428 1959 2482 loc.
1981 2428 2073 2482 cit.
2098 2451 2121 2473 ·
2141 2429 2325 2488 Vicini

1293 2526 1405 2581 quo
1429 2519 1583 2577 pacto
1608 2507 1834 2569 niteant,
1862 2506 1918 2560 id
1962 2510 2201 2562 animum
2224 2508 2323 2563 ad·

1292 2588 1519 2653 vertito;
1557 2588 1613 2639 in
1640 2586 1785 2641 bona
1828 2588 2045 2659 regione
2074 2590 2215 2645 bene
2236 2592 2321 2645 ni·

1293 2682 1405 2723 tere
1428 2666 1731 2739 oportebit,
1762 2680 1863 2721 etc.
1886 2694 1909 2714 ι
1942 2668 2125 2722 Ηιιιι).

1376 2768 1428 2819 7.
1472 2748 1661 2811 Atilius
1702 2748 1935 2819 Regulus.
1975 2748 2103 2802 Haec
2129 2746 2321 2804 iisdem

1292 2827 1470 2882 verbis
1489 2826 1783 2882 Columella
1798 2865 1814 2893 ,
1837 2825 1905 2881 de
1924 2829 2001 2881 Re
2024 2830 2173 2882 Rust.
2202 2829 2238 2883 l.
2266 2830 2321 2894 1,

1293 2927 1341 2963 c.
1370 2914 1402 2971 4
1428 2924 1442 2959 :
1475 2932 1498 2954 ι
1518 2909 1585 2959 Ιιι
1616 2907 1923 2960 universum
1952 2920 2124 2961 tamen
2168 2910 2321 2980 quasi

1294 2986 1679 3041 testificandum
1696 2995 1897 3058 ,atque
1920 2987 2111 3057 sepius
2130 2985 2323 3059 prodi·

1293 3065 1520 3121 candum
1547 3066 1721 3119 habeo
1744 3108 1758 3128 ,
1808 3065 1955 3137 quod
1994 3066 2171 3137 primo
2206 3070 2319 3139 jam

1293 3147 1496 3200 Punico
1519 3145 1663 3199 bello
1690 3144 1801 3199 dux
1840 3145 2213 3218 inclytissimus
2238 3148 2316 3200 Μ.

1295 3227 1491 3280 Atilius
1502 3226 1734 3296 Regulus
1752 3222 1944 3277 dixisse
1960 3238 2315 3283 memoratum

1293 3304 1520 3359 fundum
1533 3344 1547 3367 ‚
1565 3305 1717 3359 sicuti
1736 3322 1803 3357 ne
1821 3302 2183 3358 fecundissimi
2200 3306 2321 3377 qui-

1296 3385 1420 3439 dem
1442 3385 1572 3449 soli,
1610 3403 1776 3457 quum
1802 3385 1870 3437 sit
1893 3383 2213 3439 insalubris:
2246 3386 2321 3439 ita

1295 3484 1395 3520 nec
1419 3465 1566 3519 effeti
1608 3466 1676 3517 sit
1696 3500 1714 3529 ‚
1752 3464 1793 3516 si
1830 3463 1916 3517 vel
1942 3464 2323 3519 saluberrimus

1298 3546 1390 3611 sit,
1411 3543 1731 3617 parandum.
1753 3542 1916 3609 Quod
1938 3544 2135 3597 Atilius
2158 3547 2322 3599 aetatis

1296 3644 1404 3679 suae
1434 3624 1687 3695 agricolis
1718 3626 1917 3693 majore
1945 3642 2067 3679 cum
2091 3626 2323 3679 auctori-

1299 3718 1404 3759 tate
1429 3703 1682 3758 suadebat
1702 3704 1901 3774 peritus
1919 3723 2035 3758 usu.
2060 3703 2197 3757 Nam
2222 3706 2327 3759 Pu-

1299 3785 1460 3857 piniae
1473 3785 1767 3855 pestilentis
1795 3784 1893 3837 sim
1900 3784 1957 3837 nl
1980 3796 2034 3837 et
2045 3784 2197 3837 exilis
2210 3785 2327 3855 agri

1301 3866 1559 3919 cultorem
1592 3865 1749 3919 fuisse
1781 3882 1901 3919 eum
1928 3864 2221 3935 loquuntur
2244 3866 2329 3917 hi-

1304 3946 1496 3999 storioe.
1517 3970 1541 3995 s
1588 3946 1669 3999 De
1706 3962 1771 3997 eo
1813 3946 1980 3998 multa
2010 3944 2207 3997 Seneca
2234 3944 2331 3997 lib.

1309 4024 1376 4079 de
1405 4025 1625 4079 Consol.
1654 4022 1723 4077 ad
1750 4023 1901 4078 Helv.
1932 4042 2049 4094 cap.
2072 4042 2157 4076 ιι.
2184 4020 2251 4075 Η.

1394 4107 1447 4159 8.
1479 4106 1665 4159 Punico
1691 4104 1833 4159 bello.
1860 4104 2063 4157 Primo.
2088 4104 2271 4156 Han.

1947 4207 2077 4279 ια’
