3150 5150
881 376 1026 466 468
1575 371 2128 443 Excnnsns
2177 374 2325 442 111.

877 516 999 572 qun
1027 492 1244 570 quidem
1269 489 1536 546 cudendo
1564 491 1758 546 radicis
1778 511 2039 547 mensura
2060 491 2241 546 adhuc
2258 493 2611 548 observantur
2628 490 2687 545 in
2716 491 2905 545 Pes-sia
2921 493 2947 551 ,⁸
2956 503 3010 544 ut

881 586 1044 660 paulo
1067 597 1190 658 post
1215 581 1536 636 videbimus.

953 675 1156 727 Verum
1191 671 1462 728 enimvero
1489 685 1609 742 qu·
1632 669 1703 722 ab
1730 668 1841 722 illis
1864 669 2172 724 auctoribus
2192 667 2261 723 de
2284 669 2378 722 illo
2402 685 2565 722 suceo
2592 671 2825 740 ejusque
2846 668 3007 740 planta

879 761 1076 833 scripta
1101 769 1254 824 sunt,
1281 769 1486 811 tantum
1512 757 1663 810 abest
1688 768 1747 810 ut
1774 757 1917 811 illius
1948 755 2223 811 historiam
2258 755 2608 810 dilucidarem
2626 793 2643 820 ,
2670 768 2731 808 ut
2768 775 2803 808 e
2834 767 3003 808 contra

873 850 1020 903 illam
1049 845 1236 920 mojori
1259 843 1593 898 obscuritatis
1618 843 1845 916 caligine
1863 843 2201 902 involverint.
2227 842 2443 896 Garcias
2463 842 2533 896 ab
2553 842 2729 896 Hosto
2760 843 2895 895 folia
2922 863 3001 895 eo-

875 931 980 1004 ryli
1007 929 1110 1002 ipsi
1130 927 1330 982 tribuit.
1361 925 1593 982 Jacobus
1616 926 1836 980 Bontius
1860 923 2109 980 eumdem
2133 944 2357 980 succum
2376 945 2437 978 ex
2470 923 2679 998 duplici
2698 926 2893 998 planta
2928 944 3003 977 ex—

877 1019 1042 1076 trahit
1057 1055 1077 1083 ,
1099 1017 1300 1072 scilicet
1327 1035 1393 1070 ex
1419 1016 1601 1090 planta
1618 1015 1846 1088 quadam
1865 1027 2217 1079 sau-mentesa,
2238 1015 2383 1068 salici
2400 1015 2659 1088 aquatic-
2686 1015 2803 1068 fere
2822 1014 2974 1067 simili
2986 1055 3001 1076 ,

875 1121 930 1162 et
953 1126 1017 1162 ex
1053 1105 1150 1160 alia
1179 1103 1448 1159 radicibus
1474 1102 1807 1158 crassissimis
1828 1103 2094 1175 raphanos
2110 1102 2467 1157 referentibus
2488 1114 2541 1155 et
2566 1101 2711 1156 foliis
2728 1101 3001 1174 tithymali.

873 1193 1116 1262 Quidam
1138 1190 1418 1246 standena
1459 1209 1622 1244 unam
1664 1209 1777 1246 esse
1802 1190 2112 1244 fruticosam
2144 1189 2405 1262 plantam,
2424 1201 2807 1244 sarmentosam
2826 1225 2847 1252 ,
2878 1188 3001 1240 foliis

873 1280 1054 1354 psrvis
1091 1280 1248 1334 oriza
1271 1277 1534 1332 similibus
1557 1276 1728 1341 dicit;
1754 1275 1973 1332 alteram
1998 1295 2125 1332 vero
2164 1278 2281 1349 rapi
2302 1277 2467 1342 folio,
2488 1278 2675 1332 colore
2698 1277 2861 1330 viridi
2888 1276 3001 1328 folia

873 1369 1076 1422 ficuum
1099 1367 1379 1420 referente.
1409 1365 1509 1418 Alii
1533 1363 1790 1438 philyreo
1822 1365 2053 1436 speciem
2076 1383 2188 1418 esse
2214 1365 2417 1418 volunt.
2444 1365 2711 1438 ullusque
2724 1364 2871 1416 nihil
2887 1364 2999 1416 certi

875 1456 944 1512 de
971 1457 1073 1512 hac
1091 1456 1276 1527 planta
1301 1453 1745 1525 pronuntiaverat
1762 1490 1779 1516 ,
1800 1452 1973 1506 donec
1988 1453 2337 1526 Ensselbestus
2352 1453 2717 1525 Knmpl'erus,
2734 1453 2873 1506 dnm
2894 1454 2997 1506 Ρα-

873 1547 1004 1599 siam
1045 1557 1101 1598 et
1141 1541 1353 1596 Indiam
1381 1554 1685 1613 peragraret
1706 1579 1722 1605 ,
1752 1539 2067 1612 indagando
2104 1541 2266 1606 huius
2304 1541 2484 1594 herbo
2518 1540 2785 1613 cupidine
2812 1553 2999 1598 motus.

875 1647 944 1697 40
970 1633 1056 1691 vel
1083 1633 1149 1686 50
1168 1629 1478 1684 milliarium
1503 1631 1605 1685 iter
1628 1631 1937 1684 emetiretur
1964 1629 2225 1684 laboriosa
2246 1631 2668 1702 peregrinatione
2684 1665 2703 1692 ,
2720 1647 2787 1682 ac
2798 1628 2995 1682 tandem

871 1721 1158 1795 genuinam
1185 1732 1240 1773 et
1265 1717 1719 1772 accuratissimam
1741 1717 1883 1772 illius
1916 1716 2195 1772 historiam
2224 1727 2278 1770 et
2300 1715 2716 1790 descriptionem
2742 1719 2803 1770 in
2834 1720 2994 1770 Ame-

789 1810 798 1820 “
869 1809 1128 1864 nitatibus
1155 1807 1370 1861 exoticis
1397 1805 1836 1880 promulgaverit.

943 1898 1124 1952 Planta
1147 1895 1288 1949 sicut
1311 1907 1366 1950 et
1389 1913 1580 1948 succus
1618 1894 1675 1946 in
1702 1893 1875 1950 Persia
1918 1896 2151 1964 uineis&
2167 1931 2185 1959 ,
2218 1905 2271 1948 et
2304 1913 2399 1968 per
2424 1893 2633 1948 Indiam
2675 1897 2839 1964 niehg
2874 1913 2992 1965 sepe

873 1983 1342 2041 indiscriminatim
1387 1993 1784 2054 nuncupantur.
1836 1981 2097 2036 Usitatius
2130 1993 2307 2036 tamen
2350 1993 2427 2035 est
2470 1983 2737 2036 vocabulo
2778 1985 2989 2050 fflaegr’sd

871 2075 1143 2148 plantam,
1181 2075 1337 2140 Hii‘ng
1384 2071 1552 2143 ipsam
1589 2070 1877 2144 lacrymam
1928 2070 2242 2142 exprimere.
2276 2071 2466 2143 Itaque
2502 2073 2739 2139 Hingn'seh
2778 2071 2945 2124 Persis
2974 2087 2987 2120 :

873 2161 1206 2216 umbellifera
1225 2196 1241 2222 ,
1267 2159 1508 2213 levistico
1537 2158 1743 2224 affinis,
1783 2157 1925 2210 foliis
1970 2159 2139 2211 instar
2176 2157 2401 2230 peonio
2426 2158 2649 2211 ramosis
2667 2196 2688 2225 ,
2716 2159 2871 2211 caule
2896 2159 2987 2229 ple·

869 2270 942 2305 no
969 2249 1229 2315 maximo,
1257 2247 1455 2301 semine
1481 2246 1729 2309 foliaceo,
1756 2243 1935 2311 nudo,
1962 2245 2233 2309 solitario,
2262 2247 2475 2301 branca
2512 2248 2707 2302 ursino
2746 2247 2833 2302 vel
2854 2246 2987 2318 pasti-

871 2357 1020 2394 naca
1043 2337 1238 2402 simili,
1273 2333 1454 2390 radice
1475 2353 1647 2390 assam
1674 2335 1911 2390 fetidam
1940 2334 2231 2398 fundente,
2264 2335 2552 2408 Kompfer.
2582 2337 2791 2388 Amen.
2818 2336 2986 2390 exotic.

871 2425 1106 2480 fascicul.
1129 2423 1236 2486 111,
1271 2422 1392 2477 535.
1419 2421 1669 2476 Radicem
1694 2421 1854 2476 habet
1889 2419 1957 2474 sd
1988 2422 2171 2493 plures
2196 2441 2365 2476 annos
2384 2423 2699 2484 restibilem,
2724 2442 2953 2494 magnam
2971 2461 2986 2483 ,

874 2509 1230 2583 ponderosam
1249 2547 1266 2574 ,
1297 2505 1500 2560 nudam
1517 2545 1532 2570 ,
1557 2519 1709 2559 extus
1733 2505 1939 2579 nigram
1954 2543 1970 2570 ,
1992 2507 2049 2558 in
2072 2507 2185 2560 solo
2220 2507 2411 2562 limoso
2432 2508 2615 2561 lovem
2632 2545 2649 2572 ,
2686 2507 2747 2560 iu
2762 2508 2983 2560 aalma

871 2599 1112 2653 scabram
1143 2610 1197 2651 et
1235 2594 1627 2667 quadamtenus
1650 2612 1896 2665 rugosam
1918 2634 1935 2661 ,
1964 2607 2023 2648 ut
2054 2595 2347 2667 plurimum
2379 2596 2663 2669 pastinaca
2684 2596 2851 2649 instar
2884 2596 2983 2649 sim-

870 2672 1066 2757 plicem
1081 2722 1100 2751 ,
1126 2700 1262 2755 sepe
1289 2681 1446 2753 paulo
1471 2700 1500 2735 a
1545 2679 1720 2753 capite
1745 2677 1957 2735 duabus
1991 2680 2074 2735 vel
2108 2679 2351 2754 pluribus
2388 2680 2855 2735 divaricationibus
2886 2683 2983 2735 hra-

869 2770 1122 2832 ehiatam,
1151 2770 1304 2841 cujus
1326 2766 1595 2839 fastigium
1621 2785 1652 2819 e
1676 2766 1866 2821 tellure
1894 2766 2205 2839 prominens
2238 2768 2391 2821 fibris
2428 2780 2657 2823 setarum
2692 2770 2859 2823 instar
2884 2788 2981 2821 snr-

867 2858 1050 2923 rectis,
1075 2876 1144 2911 ex
1168 2857 1320 2911 fusco
1347 2854 1480 2909 rufis
1496 2890 1516 2920 ,
1545 2854 1761 2927 rigidis,
1801 2853 2083 2909 confertim
2124 2854 2351 2929 stipatur
2383 2857 2525 2911 velut
2558 2857 2619 2910 in
2656 2857 2978 2930 peucedano:

869 2956 1052 3001 cortex
1088 2944 1138 2997 ei
1165 2942 1380 3015 pinguis
1401 2954 1514 3009 est,
1539 2960 1793 2996 succesus
1808 2980 1827 3008 ,
1856 2942 2043 3004 facile,
2072 2940 2201 2995 dum
2225 2940 2459 2997 radicem
2488 2946 2603 2998 solo
2626 2944 2883 3009 extrahis,
2905 2945 2980 2997 ab·

868 3031 1093 3089 scedens
1110 3070 1128 3097 ,
1171 3030 1502 3085 concavitate
1539 3031 1721 3102 glabra
1748 3042 1801 3083 et
1828 3027 2053 3085 humida
2072 3047 2089 3082 ε
2126 3029 2472 3086 substantiam
2500 3032 2705 3087 obtinet
2746 3034 2980 3106 pondero-

868 3138 980 3175 sam
999 3158 1016 3185 ,
1051 3119 1218 3173 instar
1241 3136 1384 3191 rapo
1411 3115 1635 3171 solidam
1664 3114 2201 3190 candidissimamque
2218 3154 2235 3182 ,
2262 3118 2470 3189 plenam
2496 3121 2639 3175 aucei
2662 3122 2897 3195 pinguis,
2914 3120 2980 3173 al·

863 3208 1071 3263 bissimi
1087 3246 1104 3273 ,
1123 3205 1440 3261 foetidiuimi
1461 3244 1476 3272 ,
1507 3223 1769 3278 porraceo
1790 3204 1957 3259 odore
1986 3224 2143 3261 nares
2167 3206 2387 3261 horride
2412 3209 2680 3277 ferientis3
2722 3210 2817 3282 qui
2842 3228 2901 3263 ex
2930 3227 2978 3261 es

869 3296 1150 3359 collectus,
1174 3294 1350 3349 Persis
1377 3296 1536 3363 Hingla
1553 3330 1571 3355 ,
1598 3292 1871 3365 Europaeis
1896 3312 2007 3349 assa
2034 3292 2214 3348 soetida
2254 3296 2567 3369 appellatur.
2601 3296 2745 3350 Folia
2770 3316 2881 3351 sero
2904 3314 2979 3347 su·

869 3394 1060 3435 tumno
1085 3401 1150 3437 ex
1178 3379 1374 3435 vertice
1405 3380 1805 3453 progerminant
1826 3399 1947 3441 sex,
1974 3393 2198 3453 septem,
2219 3394 2273 3435 et
2300 3402 2399 3455 pro
2426 3382 2626 3437 radicis
2646 3383 2979 3457 magnitudine

869 3469 1024 3541 plura
1055 3468 1140 3521 vel
1169 3469 1425 3540 pauciora
1443 3507 1460 3534 ,
1489 3484 1607 3539 quse
1645 3486 1740 3539 per
1770 3468 2013 3521 brumam
2041 3468 2312 3523 luxuriose
2336 3470 2549 3544 vigent,
2566 3468 2857 3544 adultoqne
2876 3488 2979 3523 vere

870 3568 1200 3611 exarescant.
1223 3556 1430 3610 Folium
1454 3566 1631 3609 sutem
1656 3567 1737 3609 est
1762 3574 2034 3611 ramosum
2050 3596 2069 3623 ‚
2094 3557 2311 3628 planum
2330 3594 2347 3622 ,
2374 3558 2721 3630 longitudinis
2739 3557 2979 3619 cubitalis,

873 3643 987 3697 folii
1031 3642 1256 3715 peonio
1291 3653 1350 3695 ut
1380 3643 1673 3715 plurimum
1708 3642 1967 3714 figuram,
1992 3642 2216 3699 levistici
2252 3645 2627 3709 substantiam,
2652 3647 2877 3701 colorem
2897 3686 2911 3710 ,
2934 3657 2978 3697 et

868 3730 1152 3786 levitatem
1181 3730 1433 3783 exhibens
1459 3752 1473 3783 ι
1496 3730 1717 3785 odorem
1752 3732 1957 3785 obtinet
1978 3731 2125 3787 succi
2150 3731 2319 3787 odore
2350 3734 2711 3789 remissiorem
2728 3772 2745 3800 ,
2768 3752 2977 3807 saporem

867 3836 994 3873 cum
1023 3816 1260 3871 amaritie
1281 3829 1334 3871 et
1351 3819 1639 3873 aromatica
1656 3817 1905 3873 acredine
1922 3819 2214 3873 hircosum.
2240 3820 2513 3876 structura
2536 3835 2745 3877 constst
2764 3842 2827 3876 ex
2844 3838 2976 3891 scapo

868 3919 921 3959 et
956 3924 1103 3960 ramo
1127 3922 1140 3956 ε
1162 3922 1352 3975 scapus
1377 3906 1704 3978 spithamalis
1730 3922 1783 3961 et
1808 3908 2037 3979 amplius
2064 3908 2405 3981 longitudinis
2428 3920 2539 3972 est,
2568 3910 2809 3965 humano
2836 3908 2975 3979 digito

869 3996 1113 4057 tenuior,
1141 3990 1530 4066 quadamtenus
1557 3995 1801 4058 striatas,
1840 4014 2125 4063 nervosus,
2150 3998 2345 4053 coloris
2370 3998 2647 4059 herbacei,
2678 4001 2813 4053 circa
2836 3996 2973 4051 basim
