<?xml version="1.0" encoding="UTF-8"?>
<!DOCTYPE html PUBLIC "-//W3C//DTD XHTML 1.0 Transitional//EN"
    "http://www.w3.org/TR/xhtml1/DTD/xhtml1-transitional.dtd">
<html xmlns="http://www.w3.org/1999/xhtml" xml:lang="en" lang="en">
 <head>
  <title>
</title>
<meta http-equiv="Content-Type" content="text/html;charset=utf-8" />
  <meta name='ocr-system' content='tesseract 3.04.00' />
  <meta name='ocr-capabilities' content='ocr_page ocr_carea ocr_par ocr_line ocrx_word'/>
</head>
<body>
  <div class='ocr_page' id='page_1' title='image "./caiipliniisecun01hardgoog_0551.png"; bbox 0 0 3150 5150; ppageno 0'>
   <div class='ocr_carea' id='block_1_1' title="bbox 959 474 2289 564">
    <p class='ocr_par' dir='ltr' id='par_1_1' title="bbox 959 474 2289 564">
     <span class='ocr_line' id='line_1_1' title="bbox 959 474 2289 564; baseline 0.002 -17"><span class='ocrx_word' id='word_1_1' title='bbox 959 479 1265 548; x_wconf 71' lang='lat' dir='ltr'><strong>mmm</strong></span> <span class='ocrx_word' id='word_1_2' title='bbox 1318 479 1484 546; x_wconf 85' lang='lat' dir='ltr'><strong>xx.</strong></span> <span class='ocrx_word' id='word_1_3' title='bbox 2142 474 2289 564; x_wconf 72' lang='lat'><strong>541</strong></span> 
     </span>
    </p>
   </div>
   <div class='ocr_carea' id='block_1_2' title="bbox 164 596 2357 2512">
    <p class='ocr_par' dir='ltr' id='par_1_2' title="bbox 164 596 2357 2512">
     <span class='ocr_line' id='line_1_2' title="bbox 167 596 2301 742; baseline 0 -60"><span class='ocrx_word' id='word_1_4' title='bbox 167 599 408 682; x_wconf 58' lang='grc' dir='ltr'><strong>ιιιιιίιιιι4</strong></span> <span class='ocrx_word' id='word_1_5' title='bbox 428 624 712 697; x_wconf 82' lang='lat' dir='ltr'><strong>vocant,</strong></span> <span class='ocrx_word' id='word_1_6' title='bbox 740 596 1298 680; x_wconf 85' lang='lat' dir='ltr'><strong>inimicissimam⁵</strong></span> <span class='ocrx_word' id='word_1_7' title='bbox 1334 611 1529 695; x_wconf 85' lang='lat' dir='ltr'><strong>vino,</strong></span> <span class='ocrx_word' id='word_1_8' title='bbox 1556 633 1755 705; x_wconf 91' lang='lat' dir='ltr'><strong>quam</strong></span> <span class='ocrx_word' id='word_1_9' title='bbox 1787 611 2120 742; x_wconf 82' lang='lat' dir='ltr'><strong>praecipue</strong></span> <span class='ocrx_word' id='word_1_10' title='bbox 2146 613 2301 682; x_wconf 82' lang='lat' dir='ltr'><strong>vitis</strong></span> 
     </span>
     <span class='ocr_line' id='line_1_3' title="bbox 165 703 2298 814; baseline -0 -26"><span class='ocrx_word' id='word_1_11' title='bbox 165 720 390 814; x_wconf 86' lang='lat' dir='ltr'><strong>fugiat:</strong></span> <span class='ocrx_word' id='word_1_12' title='bbox 417 733 541 788; x_wconf 87' lang='lat' dir='ltr'><strong>aut</strong></span> <span class='ocrx_word' id='word_1_13' title='bbox 571 719 627 787; x_wconf 92' lang='lat' dir='ltr'><strong>si</strong></span> <span class='ocrx_word' id='word_1_14' title='bbox 659 741 794 787; x_wconf 89' lang='lat' dir='ltr'><strong>non</strong></span> <span class='ocrx_word' id='word_1_15' title='bbox 819 719 1024 812; x_wconf 83' lang='lat' dir='ltr'><strong>possit</strong></span> <span class='ocrx_word' id='word_1_16' title='bbox 1044 716 1375 812; x_wconf 85' lang='lat' dir='ltr'><strong>fugere,m</strong></span> <span class='ocrx_word' id='word_1_17' title='bbox 1310 717 1653 785; x_wconf 86' lang='lat' dir='ltr'><strong>moriatur.</strong></span> <span class='ocrx_word' id='word_1_18' title='bbox 1682 703 1891 787; x_wconf 83' lang='lat' dir='ltr'><strong>Folia⁶</strong></span> <span class='ocrx_word' id='word_1_19' title='bbox 1914 717 2118 787; x_wconf 83' lang='lat' dir='ltr'><strong>habet</strong></span> <span class='ocrx_word' id='word_1_20' title='bbox 2142 743 2298 805; x_wconf 85' lang='lat' dir='ltr'><strong>una,</strong></span> 
     </span>
     <span class='ocr_line' id='line_1_4' title="bbox 167 821 2301 920; baseline -0 -25"><span class='ocrx_word' id='word_1_21' title='bbox 167 849 385 920; x_wconf 83' lang='lat' dir='ltr'><strong>parva,</strong></span> <span class='ocrx_word' id='word_1_22' title='bbox 417 823 742 908; x_wconf 87' lang='lat' dir='ltr'><strong>rotunda,</strong></span> <span class='ocrx_word' id='word_1_23' title='bbox 788 821 1011 911; x_wconf 82' lang='lat' dir='ltr'><strong>laevia,</strong></span> <span class='ocrx_word' id='word_1_24' title='bbox 1053 822 1294 919; x_wconf 89' lang='lat' dir='ltr'><strong>plantis</strong></span> <span class='ocrx_word' id='word_1_25' title='bbox 1329 821 1568 892; x_wconf 83' lang='lat' dir='ltr'><strong>oleris⁷</strong></span> <span class='ocrx_word' id='word_1_26' title='bbox 1601 821 1912 909; x_wconf 87' lang='lat' dir='ltr'><strong>similior,</strong></span> <span class='ocrx_word' id='word_1_27' title='bbox 1954 822 2301 894; x_wconf 79' lang='lat' dir='ltr'>candidior</span> 
     </span>
     <span class='ocr_line' id='line_1_5' title="bbox 164 929 2357 1019; baseline -0.003 -18"><span class='ocrx_word' id='word_1_28' title='bbox 164 934 384 1019; x_wconf 83' lang='lat' dir='ltr'><strong>sativa,</strong></span> <span class='ocrx_word' id='word_1_29' title='bbox 429 944 503 1002; x_wconf 88' lang='lat' dir='ltr'><strong>et</strong></span> <span class='ocrx_word' id='word_1_30' title='bbox 543 931 881 1000; x_wconf 84' lang='lat' dir='ltr'><strong>hirsutior.</strong></span> <span class='ocrx_word' id='word_1_31' title='bbox 950 933 1144 998; x_wconf 85' lang='lat' dir='ltr'><strong>Hanc</strong></span> <span class='ocrx_word' id='word_1_32' title='bbox 1193 929 1641 999; x_wconf 89' lang='lat' dir='ltr'><strong>inflationibus</strong></span> <span class='ocrx_word' id='word_1_33' title='bbox 1700 929 1987 1014; x_wconf 86' lang='lat' dir='ltr'><strong>mederi,</strong></span> <span class='ocrx_word' id='word_1_34' title='bbox 2038 929 2286 1001; x_wconf 88' lang='lat' dir='ltr'><strong>melan·</strong></span> <span class='ocrx_word' id='word_1_35' title='bbox 2329 963 2357 994; x_wconf 61' lang='grc' dir='ltr'>α</span> 
     </span>
     <span class='ocr_line' id='line_1_6' title="bbox 165 1034 2293 1132; baseline -0 -26"><span class='ocrx_word' id='word_1_36' title='bbox 165 1037 422 1108; x_wconf 91' lang='lat' dir='ltr'><strong>cholicis</strong></span> <span class='ocrx_word' id='word_1_37' title='bbox 451 1061 762 1132; x_wconf 89' lang='lat' dir='ltr'><strong>quoque,</strong></span> <span class='ocrx_word' id='word_1_38' title='bbox 796 1059 876 1106; x_wconf 88' lang='lat' dir='ltr'><strong>ac</strong></span> <span class='ocrx_word' id='word_1_39' title='bbox 905 1034 1288 1105; x_wconf 80' lang='lat' dir='ltr'><strong>vulneribus</strong></span> <span class='ocrx_word' id='word_1_40' title='bbox 1323 1035 1731 1122; x_wconf 84' lang='lat' dir='ltr'><strong>recentibus,</strong></span> <span class='ocrx_word' id='word_1_41' title='bbox 1758 1059 1911 1105; x_wconf 88' lang='lat' dir='ltr'><strong>cum</strong></span> <span class='ocrx_word' id='word_1_42' title='bbox 1952 1034 2177 1124; x_wconf 88' lang='lat' dir='ltr'><strong>melle,</strong></span> <span class='ocrx_word' id='word_1_43' title='bbox 2202 1039 2293 1106; x_wconf 88' lang='lat' dir='ltr'><strong>ita</strong></span> 
     </span>
     <span class='ocr_line' id='line_1_7' title="bbox 166 1140 2291 1237; baseline 0 -25"><span class='ocrx_word' id='word_1_44' title='bbox 166 1169 240 1212; x_wconf 89' lang='lat' dir='ltr'><strong>ne</strong></span> <span class='ocrx_word' id='word_1_45' title='bbox 277 1142 627 1214; x_wconf 83' lang='lat' dir='ltr'><strong>solvantur</strong></span> <span class='ocrx_word' id='word_1_46' title='bbox 668 1157 822 1211; x_wconf 88' lang='lat' dir='ltr'><strong>ante</strong></span> <span class='ocrx_word' id='word_1_47' title='bbox 861 1141 1034 1210; x_wconf 89' lang='lat' dir='ltr'><strong>diem</strong></span> <span class='ocrx_word' id='word_1_48' title='bbox 1081 1143 1497 1237; x_wconf 85' lang='lat' dir='ltr'><strong>septimum:</strong></span> <span class='ocrx_word' id='word_1_49' title='bbox 1537 1142 1841 1226; x_wconf 84' lang='lat' dir='ltr'><strong>strumis,</strong></span> <span class='ocrx_word' id='word_1_50' title='bbox 1899 1140 2174 1227; x_wconf 87' lang='lat' dir='ltr'><strong>fistulis,</strong></span> <span class='ocrx_word' id='word_1_51' title='bbox 2224 1145 2291 1212; x_wconf 92' lang='lat' dir='ltr'><strong>in</strong></span> 
     </span>
     <span class='ocr_line' id='line_1_8' title="bbox 164 1246 2291 1378; baseline 0 -60"><span class='ocrx_word' id='word_1_52' title='bbox 164 1273 320 1344; x_wconf 87' lang='lat' dir='ltr'><strong>aqua</strong></span> <span class='ocrx_word' id='word_1_53' title='bbox 347 1251 753 1332; x_wconf 76' lang='lat' dir='ltr'><strong>contritam,</strong></span> <span class='ocrx_word' id='word_1_54' title='bbox 789 1247 1202 1342; x_wconf 85' lang='lat' dir='ltr'><strong>Chrysippus</strong></span> <span class='ocrx_word' id='word_1_55' title='bbox 1233 1262 1467 1317; x_wconf 84' lang='lat' dir='ltr'><strong>auctor</strong></span> <span class='ocrx_word' id='word_1_56' title='bbox 1499 1263 1621 1317; x_wconf 87' lang='lat' dir='ltr'><strong>est.</strong></span> <span class='ocrx_word' id='word_1_57' title='bbox 1659 1251 1747 1318; x_wconf 92' lang='lat' dir='ltr'><strong>Et</strong></span> <span class='ocrx_word' id='word_1_58' title='bbox 1784 1246 1890 1317; x_wconf 84' lang='lat' dir='ltr'><strong>alii</strong></span> <span class='ocrx_word' id='word_1_59' title='bbox 1919 1273 2082 1378; x_wconf 53' lang='lat' dir='ltr'><strong>verso</strong></span> <span class='ocrx_word' id='word_1_60' title='bbox 2111 1273 2291 1318; x_wconf 88' lang='lat' dir='ltr'><strong>com-</strong></span> 
     </span>
     <span class='ocr_line' id='line_1_9' title="bbox 167 1340 2290 1450; baseline -0.001 -23"><span class='ocrx_word' id='word_1_61' title='bbox 167 1381 416 1450; x_wconf 84' lang='lat' dir='ltr'><strong>pescere</strong></span> <span class='ocrx_word' id='word_1_62' title='bbox 451 1355 632 1426; x_wconf 88' lang='lat' dir='ltr'><strong>mala</strong></span> <span class='ocrx_word' id='word_1_63' title='bbox 671 1356 971 1448; x_wconf 86' lang='lat' dir='ltr'><strong>corporis</strong></span> <span class='ocrx_word' id='word_1_64' title='bbox 996 1378 1146 1448; x_wconf 79' lang='lat' dir='ltr'><strong>quae</strong></span> <span class='ocrx_word' id='word_1_65' title='bbox 1170 1369 1480 1449; x_wconf 86' lang='lat' dir='ltr'><strong>serpant.</strong></span> <span class='ocrx_word' id='word_1_66' title='bbox 1515 1379 1749 1424; x_wconf 86' lang='lat' dir='ltr'><strong>nomas</strong></span> <span class='ocrx_word' id='word_1_67' title='bbox 1779 1340 2073 1424; x_wconf 29' lang='lat' dir='ltr'><strong>vocanti</strong></span> <span class='ocrx_word' id='word_1_68' title='bbox 2120 1359 2290 1424; x_wconf 85' lang='lat' dir='ltr'><strong>Item</strong></span> 
     </span>
     <span class='ocr_line' id='line_1_10' title="bbox 168 1459 2289 1557; baseline 0 -27"><span class='ocrx_word' id='word_1_69' title='bbox 168 1464 604 1532; x_wconf 83' lang='lat' dir='ltr'><strong>excrescentia</strong></span> <span class='ocrx_word' id='word_1_70' title='bbox 665 1461 1033 1531; x_wconf 87' lang='lat' dir='ltr'><strong>absumere.</strong></span> <span class='ocrx_word' id='word_1_71' title='bbox 1105 1461 1464 1531; x_wconf 87' lang='lat' dir='ltr'><strong>Cicatrices</strong></span> <span class='ocrx_word' id='word_1_72' title='bbox 1513 1460 1601 1529; x_wconf 89' lang='lat' dir='ltr'><strong>ad</strong></span> <span class='ocrx_word' id='word_1_73' title='bbox 1654 1459 1927 1556; x_wconf 88' lang='lat' dir='ltr'><strong>planum</strong></span> <span class='ocrx_word' id='word_1_74' title='bbox 1971 1460 2289 1557; x_wconf 84' lang='lat' dir='ltr'><strong>redigere.</strong></span> 
     </span>
     <span class='ocr_line' id='line_1_11' title="bbox 169 1565 2291 1653; baseline 0 -17"><span class='ocrx_word' id='word_1_75' title='bbox 169 1570 306 1638; x_wconf 88' lang='lat' dir='ltr'><strong>Oris</strong></span> <span class='ocrx_word' id='word_1_76' title='bbox 339 1567 624 1639; x_wconf 89' lang='lat' dir='ltr'><strong>hulcera</strong></span> <span class='ocrx_word' id='word_1_77' title='bbox 655 1581 724 1636; x_wconf 91' lang='lat' dir='ltr'><strong>et</strong></span> <span class='ocrx_word' id='word_1_78' title='bbox 758 1565 1092 1653; x_wconf 86' lang='lat' dir='ltr'><strong>tonsillas,</strong></span> <span class='ocrx_word' id='word_1_79' title='bbox 1135 1566 1597 1637; x_wconf 85' lang='lat' dir='ltr'><strong>manducatam</strong></span> <span class='ocrx_word' id='word_1_80' title='bbox 1636 1581 1704 1637; x_wconf 91' lang='lat' dir='ltr'><strong>et</strong></span> <span class='ocrx_word' id='word_1_81' title='bbox 1742 1581 2042 1653; x_wconf 88' lang='lat' dir='ltr'><strong>coctam,</strong></span> <span class='ocrx_word' id='word_1_82' title='bbox 2084 1591 2291 1636; x_wconf 89' lang='lat' dir='ltr'><strong>succo</strong></span> 
     </span>
     <span class='ocr_line' id='line_1_12' title="bbox 170 1670 2357 1771; baseline -0 -27"><span class='ocrx_word' id='word_1_83' title='bbox 170 1677 570 1771; x_wconf 82' lang='lat' dir='ltr'><strong>gargarizato</strong></span> <span class='ocrx_word' id='word_1_84' title='bbox 598 1699 756 1744; x_wconf 87' lang='lat' dir='ltr'><strong>cum</strong></span> <span class='ocrx_word' id='word_1_85' title='bbox 785 1671 978 1742; x_wconf 88' lang='lat' dir='ltr'><strong>melle</strong></span> <span class='ocrx_word' id='word_1_86' title='bbox 1019 1670 1268 1742; x_wconf 89' lang='lat' dir='ltr'><strong>tollere.</strong></span> <span class='ocrx_word' id='word_1_87' title='bbox 1306 1675 1476 1742; x_wconf 88' lang='lat' dir='ltr'><strong>Item</strong></span> <span class='ocrx_word' id='word_1_88' title='bbox 1507 1698 1741 1767; x_wconf 90' lang='lat' dir='ltr'><strong>psoras</strong></span> <span class='ocrx_word' id='word_1_89' title='bbox 1764 1689 1831 1743; x_wconf 90' lang='lat' dir='ltr'><strong>et</strong></span> <span class='ocrx_word' id='word_1_90' title='bbox 1858 1671 2075 1768; x_wconf 85' lang='lat' dir='ltr'><strong>lepras</strong></span> <span class='ocrx_word' id='word_1_91' title='bbox 2102 1688 2288 1743; x_wconf 81' lang='lat' dir='ltr'><strong>vete·</strong></span> <span class='ocrx_word' id='word_1_92' title='bbox 2327 1689 2357 1743; x_wconf 84' lang='lat'><strong>3</strong></span> 
     </span>
     <span class='ocr_line' id='line_1_13' title="bbox 170 1778 2290 1877; baseline -0 -26"><span class='ocrx_word' id='word_1_93' title='bbox 170 1806 296 1868; x_wconf 88' lang='lat' dir='ltr'><strong>res,</strong></span> <span class='ocrx_word' id='word_1_94' title='bbox 339 1783 548 1877; x_wconf 88' lang='lat' dir='ltr'><strong>ipsius</strong></span> <span class='ocrx_word' id='word_1_95' title='bbox 580 1780 792 1851; x_wconf 85' lang='lat' dir='ltr'><strong>tribus</strong></span> <span class='ocrx_word' id='word_1_96' title='bbox 833 1779 1133 1874; x_wconf 88' lang='lat' dir='ltr'><strong>partibus</strong></span> <span class='ocrx_word' id='word_1_97' title='bbox 1166 1804 1319 1849; x_wconf 88' lang='lat' dir='ltr'><strong>cum</strong></span> <span class='ocrx_word' id='word_1_98' title='bbox 1362 1778 1621 1848; x_wconf 88' lang='lat' dir='ltr'><strong>duabus</strong></span> <span class='ocrx_word' id='word_1_99' title='bbox 1660 1778 1967 1849; x_wconf 86' lang='lat' dir='ltr'><strong>aluminis</strong></span> <span class='ocrx_word' id='word_1_100' title='bbox 2002 1780 2071 1848; x_wconf 91' lang='lat' dir='ltr'><strong>in</strong></span> <span class='ocrx_word' id='word_1_101' title='bbox 2098 1795 2290 1850; x_wconf 87' lang='lat' dir='ltr'><strong>aceto</strong></span> 
     </span>
     <span class='ocr_line' id='line_1_14' title="bbox 170 1885 2287 1982; baseline 0 -27"><span class='ocrx_word' id='word_1_102' title='bbox 170 1889 286 1956; x_wconf 81' lang='lat' dir='ltr'><strong>acri</strong></span> <span class='ocrx_word' id='word_1_103' title='bbox 313 1887 510 1958; x_wconf 89' lang='lat' dir='ltr'><strong>illitis.</strong></span> <span class='ocrx_word' id='word_1_104' title='bbox 554 1886 996 1982; x_wconf 86' lang='lat' dir='ltr'><strong>Epicharmus</strong></span> <span class='ocrx_word' id='word_1_105' title='bbox 1033 1885 1189 1954; x_wconf 86' lang='lat' dir='ltr'><strong>satis</strong></span> <span class='ocrx_word' id='word_1_106' title='bbox 1224 1909 1365 1955; x_wconf 87' lang='lat' dir='ltr'><strong>esse</strong></span> <span class='ocrx_word' id='word_1_107' title='bbox 1391 1909 1534 1954; x_wconf 86' lang='lat' dir='ltr'><strong>eam</strong></span> <span class='ocrx_word' id='word_1_108' title='bbox 1569 1899 1803 1956; x_wconf 88' lang='lat' dir='ltr'><strong>contra</strong></span> <span class='ocrx_word' id='word_1_109' title='bbox 1838 1887 2018 1956; x_wconf 85' lang='lat' dir='ltr'><strong>canis</strong></span> <span class='ocrx_word' id='word_1_110' title='bbox 2046 1886 2287 1956; x_wconf 86' lang='lat' dir='ltr'><strong>rabiosi</strong></span> 
     </span>
     <span class='ocr_line' id='line_1_15' title="bbox 169 1990 2287 2088; baseline 0 -27"><span class='ocrx_word' id='word_1_111' title='bbox 169 2019 441 2065; x_wconf 88' lang='lat' dir='ltr'><strong>morsum</strong></span> <span class='ocrx_word' id='word_1_112' title='bbox 475 1993 752 2088; x_wconf 85' lang='lat' dir='ltr'><strong>imponi.</strong></span> <span class='ocrx_word' id='word_1_113' title='bbox 777 1990 1018 2061; x_wconf 87' lang='lat' dir='ltr'><strong>Melius</strong></span> <span class='ocrx_word' id='word_1_114' title='bbox 1040 1994 1093 2061; x_wconf 92' lang='lat' dir='ltr'><strong>si</strong></span> <span class='ocrx_word' id='word_1_115' title='bbox 1119 2017 1270 2061; x_wconf 91' lang='lat' dir='ltr'><strong>cum</strong></span> <span class='ocrx_word' id='word_1_116' title='bbox 1292 1990 1500 2061; x_wconf 85' lang='lat' dir='ltr'><strong>lasere</strong></span> <span class='ocrx_word' id='word_1_117' title='bbox 1517 2045 1535 2077; x_wconf 92' lang='lat'><strong>,</strong></span> <span class='ocrx_word' id='word_1_118' title='bbox 1561 2006 1627 2060; x_wconf 83' lang='lat' dir='ltr'><strong>et</strong></span> <span class='ocrx_word' id='word_1_119' title='bbox 1646 2006 1835 2062; x_wconf 87' lang='lat' dir='ltr'><strong>aceto</strong></span> <span class='ocrx_word' id='word_1_120' title='bbox 1852 1993 2009 2061; x_wconf 86' lang='lat' dir='ltr'><strong>acri.</strong></span> <span class='ocrx_word' id='word_1_121' title='bbox 2044 1993 2287 2062; x_wconf 86' lang='lat' dir='ltr'><strong>Necari</strong></span> 
     </span>
     <span class='ocr_line' id='line_1_16' title="bbox 169 2097 2281 2195; baseline -0 -26"><span class='ocrx_word' id='word_1_122' title='bbox 169 2125 410 2195; x_wconf 87' lang='lat' dir='ltr'><strong>quoque</strong></span> <span class='ocrx_word' id='word_1_123' title='bbox 444 2125 650 2171; x_wconf 86' lang='lat' dir='ltr'><strong>canes</strong></span> <span class='ocrx_word' id='word_1_124' title='bbox 685 2121 794 2184; x_wconf 89' lang='lat' dir='ltr'><strong>ea,</strong></span> <span class='ocrx_word' id='word_1_125' title='bbox 833 2099 886 2166; x_wconf 90' lang='lat' dir='ltr'><strong>si</strong></span> <span class='ocrx_word' id='word_1_126' title='bbox 930 2097 1146 2185; x_wconf 82' lang='lat' dir='ltr'><strong>detur,</strong></span> <span class='ocrx_word' id='word_1_127' title='bbox 1185 2123 1267 2166; x_wconf 81' lang='lat' dir='ltr'><strong>ex</strong></span> <span class='ocrx_word' id='word_1_128' title='bbox 1309 2121 1527 2166; x_wconf 86' lang='lat' dir='ltr'><strong>carne.</strong></span> <span class='ocrx_word' id='word_1_129' title='bbox 1571 2100 1809 2167; x_wconf 87' lang='lat' dir='ltr'><strong>Semen</strong></span> <span class='ocrx_word' id='word_1_130' title='bbox 1848 2099 1989 2193; x_wconf 90' lang='lat' dir='ltr'><strong>ejus</strong></span> <span class='ocrx_word' id='word_1_131' title='bbox 2034 2113 2281 2168; x_wconf 90' lang='lat' dir='ltr'><strong>tostum</strong></span> 
     </span>
     <span class='ocr_line' id='line_1_17' title="bbox 168 2202 2284 2300; baseline 0.002 -28"><span class='ocrx_word' id='word_1_132' title='bbox 168 2205 494 2276; x_wconf 84' lang='lat' dir='ltr'><strong>auxiliatur</strong></span> <span class='ocrx_word' id='word_1_133' title='bbox 553 2218 786 2276; x_wconf 85' lang='lat' dir='ltr'><strong>contra</strong></span> <span class='ocrx_word' id='word_1_134' title='bbox 846 2218 1182 2299; x_wconf 87' lang='lat' dir='ltr'><strong>serpentes</strong></span> <span class='ocrx_word' id='word_1_135' title='bbox 1204 2256 1223 2291; x_wconf 92' lang='lat'>‚</span> <span class='ocrx_word' id='word_1_136' title='bbox 1292 2202 1563 2298; x_wconf 86' lang='lat' dir='ltr'><strong>fungos,</strong></span> <span class='ocrx_word' id='word_1_137' title='bbox 1614 2206 1787 2272; x_wconf 89' lang='lat' dir='ltr'><strong>tauri</strong></span> <span class='ocrx_word' id='word_1_138' title='bbox 1809 2203 1836 2242; x_wconf 85' lang='lat'><strong>⁹</strong></span> <span class='ocrx_word' id='word_1_139' title='bbox 1876 2207 2284 2300; x_wconf 86' lang='lat' dir='ltr'><strong>sanguinem.</strong></span> 
     </span>
     <span class='ocr_line' id='line_1_18' title="bbox 169 2308 2283 2407; baseline 0.001 -29"><span class='ocrx_word' id='word_1_140' title='bbox 169 2311 328 2382; x_wconf 85' lang='lat' dir='ltr'><strong>Folia</strong></span> <span class='ocrx_word' id='word_1_141' title='bbox 361 2327 560 2382; x_wconf 89' lang='lat' dir='ltr'><strong>cocta</strong></span> <span class='ocrx_word' id='word_1_142' title='bbox 596 2309 902 2407; x_wconf 86' lang='lat' dir='ltr'><strong>splenicis</strong></span> <span class='ocrx_word' id='word_1_143' title='bbox 926 2311 994 2378; x_wconf 89' lang='lat' dir='ltr'><strong>in</strong></span> <span class='ocrx_word' id='word_1_144' title='bbox 1021 2311 1169 2380; x_wconf 94' lang='lat' dir='ltr'><strong>cibo</strong></span> <span class='ocrx_word' id='word_1_145' title='bbox 1200 2310 1389 2394; x_wconf 83' lang='lat' dir='ltr'><strong>data,</strong></span> <span class='ocrx_word' id='word_1_146' title='bbox 1423 2324 1492 2378; x_wconf 89' lang='lat' dir='ltr'><strong>et</strong></span> <span class='ocrx_word' id='word_1_147' title='bbox 1520 2309 1726 2379; x_wconf 88' lang='lat' dir='ltr'><strong>cruda</strong></span> <span class='ocrx_word' id='word_1_148' title='bbox 1768 2308 1928 2378; x_wconf 89' lang='lat' dir='ltr'><strong>illita</strong></span> <span class='ocrx_word' id='word_1_149' title='bbox 1961 2335 2113 2380; x_wconf 92' lang='lat' dir='ltr'><strong>cum</strong></span> <span class='ocrx_word' id='word_1_150' title='bbox 2152 2311 2283 2381; x_wconf 91' lang='lat' dir='ltr'><strong>sul·</strong></span> 
     </span>
     <span class='ocr_line' id='line_1_19' title="bbox 171 2415 2351 2512; baseline 0.002 -26"><span class='ocrx_word' id='word_1_151' title='bbox 171 2418 361 2511; x_wconf 87' lang='lat' dir='ltr'><strong>phure</strong></span> <span class='ocrx_word' id='word_1_152' title='bbox 388 2433 457 2488; x_wconf 89' lang='lat' dir='ltr'><strong>et</strong></span> <span class='ocrx_word' id='word_1_153' title='bbox 499 2420 677 2488; x_wconf 87' lang='lat' dir='ltr'><strong>nitro</strong></span> <span class='ocrx_word' id='word_1_154' title='bbox 719 2430 1018 2512; x_wconf 88' lang='lat' dir='ltr'><strong>prosunt.</strong></span> <span class='ocrx_word' id='word_1_155' title='bbox 1060 2419 1234 2486; x_wconf 91' lang='lat' dir='ltr'><strong>Item</strong></span> <span class='ocrx_word' id='word_1_156' title='bbox 1277 2439 1720 2486; x_wconf 87' lang='lat' dir='ltr'><strong>mammarum</strong></span> <span class='ocrx_word' id='word_1_157' title='bbox 1756 2415 2033 2486; x_wconf 84' lang='lat' dir='ltr'><strong>duritiae.</strong></span> <span class='ocrx_word' id='word_1_158' title='bbox 2080 2417 2273 2486; x_wconf 86' lang='lat' dir='ltr'><strong>Radi·</strong></span> <span class='ocrx_word' id='word_1_159' title='bbox 2320 2442 2351 2491; x_wconf 71' lang='grc'><strong>4</strong></span> 
     </span>
    </p>
   </div>
   <div class='ocr_carea' id='block_1_3' title="bbox 239 2598 2284 2672">
    <p class='ocr_par' dir='ltr' id='par_1_3' title="bbox 239 2598 2284 2672">
     <span class='ocr_line' id='line_1_20' title="bbox 239 2598 2284 2672; baseline -0.001 -15"><span class='ocrx_word' id='word_1_160' title='bbox 239 2610 288 2667; x_wconf 70' lang='grc'><strong>4.</strong></span> <span class='ocrx_word' id='word_1_161' title='bbox 330 2604 594 2657; x_wconf 76' lang='lat' dir='ltr'><strong>Petroeam.</strong></span> <span class='ocrx_word' id='word_1_162' title='bbox 621 2599 785 2668; x_wconf 85' lang='lat' dir='ltr'><strong>Quod</strong></span> <span class='ocrx_word' id='word_1_163' title='bbox 821 2601 876 2653; x_wconf 85' lang='lat' dir='ltr'><strong>in</strong></span> <span class='ocrx_word' id='word_1_164' title='bbox 912 2599 1042 2654; x_wconf 88' lang='lat' dir='ltr'><strong>locis</strong></span> <span class='ocrx_word' id='word_1_165' title='bbox 1081 2619 1174 2672; x_wconf 86' lang='lat' dir='ltr'><strong>pe·</strong></span> <span class='ocrx_word' id='word_1_166' title='bbox 1258 2598 1398 2653; x_wconf 87' lang='lat' dir='ltr'><strong>Plin.</strong></span> <span class='ocrx_word' id='word_1_167' title='bbox 1447 2598 1543 2653; x_wconf 78' lang='lat' dir='ltr'><strong>lib·</strong></span> <span class='ocrx_word' id='word_1_168' title='bbox 1586 2600 1805 2661; x_wconf 77' lang='lat' dir='ltr'><strong>xxw.</strong></span> <span class='ocrx_word' id='word_1_169' title='bbox 1848 2619 1965 2672; x_wconf 74' lang='lat' dir='ltr'><strong>cap.</strong></span> <span class='ocrx_word' id='word_1_170' title='bbox 2012 2619 2059 2653; x_wconf 83' lang='grc' dir='ltr'><strong>ι.</strong></span> <span class='ocrx_word' id='word_1_171' title='bbox 2102 2602 2284 2656; x_wconf 77' lang='lat' dir='ltr'><strong>Ilum.</strong></span> 
     </span>
    </p>
   </div>
   <div class='ocr_carea' id='block_1_4' title="bbox 173 2680 1173 2757">
    <p class='ocr_par' dir='ltr' id='par_1_4' title="bbox 173 2680 1173 2757">
     <span class='ocr_line' id='line_1_21' title="bbox 173 2680 1173 2757; baseline -0.007 -19"><span class='ocrx_word' id='word_1_172' title='bbox 173 2683 306 2737; x_wconf 74' lang='lat' dir='ltr'><strong>tresis</strong></span> <span class='ocrx_word' id='word_1_173' title='bbox 327 2722 344 2748; x_wconf 84' lang='lat'><strong>,</strong></span> <span class='ocrx_word' id='word_1_174' title='bbox 371 2682 767 2757; x_wconf 62' lang='lat' dir='ltr'><strong>preruptisque</strong></span> <span class='ocrx_word' id='word_1_175' title='bbox 813 2681 1078 2745; x_wconf 83' lang='lat' dir='ltr'><strong>nascitur,</strong></span> <span class='ocrx_word' id='word_1_176' title='bbox 1123 2680 1173 2733; x_wconf 69' lang='grc' dir='ltr'><strong>ἐν</strong></span> 
     </span>
    </p>
   </div>
   <div class='ocr_carea' id='block_1_5' title="bbox 171 2760 1176 2833">
    <p class='ocr_par' dir='ltr' id='par_1_5' title="bbox 171 2760 1176 2833">
     <span class='ocr_line' id='line_1_22' title="bbox 171 2760 1176 2833; baseline -0.004 -18"><span class='ocrx_word' id='word_1_177' title='bbox 171 2760 458 2833; x_wconf 66' lang='grc' dir='ltr'>κρημνώδεσι</span> <span class='ocrx_word' id='word_1_178' title='bbox 481 2765 681 2827; x_wconf 79' lang='grc' dir='ltr'>τόποις,</span> <span class='ocrx_word' id='word_1_179' title='bbox 709 2774 765 2815; x_wconf 86' lang='lat' dir='ltr'><strong>ut</strong></span> <span class='ocrx_word' id='word_1_180' title='bbox 794 2760 866 2814; x_wconf 83' lang='lat' dir='ltr'><strong>ait</strong></span> <span class='ocrx_word' id='word_1_181' title='bbox 885 2760 1058 2814; x_wconf 62' lang='lat' dir='ltr'><strong>Dione.</strong></span> <span class='ocrx_word' id='word_1_182' title='bbox 1085 2761 1142 2812; x_wconf 93' lang='lat'><strong>11</strong></span> <span class='ocrx_word' id='word_1_183' title='bbox 1158 2798 1176 2825; x_wconf 89' lang='lat'><strong>,</strong></span> 
     </span>
    </p>
   </div>
   <div class='ocr_carea' id='block_1_6' title="bbox 171 2838 1175 4174">
    <p class='ocr_par' dir='ltr' id='par_1_6' title="bbox 171 2838 1174 3473">
     <span class='ocr_line' id='line_1_23' title="bbox 179 2838 1173 2916; baseline 0 -24"><span class='ocrx_word' id='word_1_184' title='bbox 179 2858 196 2892; x_wconf 88' lang='grc' dir='ltr'><strong>ι</strong></span> <span class='ocrx_word' id='word_1_185' title='bbox 209 2847 294 2912; x_wconf 73' lang='grc'><strong>47,</strong></span> <span class='ocrx_word' id='word_1_186' title='bbox 314 2863 345 2898; x_wconf 78' lang='grc' dir='ltr'><strong>ιι</strong></span> <span class='ocrx_word' id='word_1_187' title='bbox 367 2863 478 2916; x_wconf 85' lang='lat' dir='ltr'><strong>quo</strong></span> <span class='ocrx_word' id='word_1_188' title='bbox 501 2844 616 2896; x_wconf 63' lang='lat' dir='ltr'><strong>hnc</strong></span> <span class='ocrx_word' id='word_1_189' title='bbox 636 2840 782 2913; x_wconf 76' lang='grc' dir='ltr'>ἀγρία.</span> <span class='ocrx_word' id='word_1_190' title='bbox 801 2838 996 2912; x_wconf 59' lang='grc' dir='ltr'><strong>κράμβη</strong></span> <span class='ocrx_word' id='word_1_191' title='bbox 1010 2858 1173 2893; x_wconf 81' lang='lat' dir='ltr'><strong>voca·</strong></span> 
     </span>
     <span class='ocr_line' id='line_1_24' title="bbox 173 2919 1174 2991; baseline 0.002 -20"><span class='ocrx_word' id='word_1_192' title='bbox 173 2932 262 2973; x_wconf 83' lang='lat' dir='ltr'><strong>tur.</strong></span> <span class='ocrx_word' id='word_1_193' title='bbox 306 2923 431 2977; x_wconf 75' lang='lat' dir='ltr'><strong>Hoec</strong></span> <span class='ocrx_word' id='word_1_194' title='bbox 474 2921 662 2977; x_wconf 83' lang='lat' dir='ltr'><strong>eadem</strong></span> <span class='ocrx_word' id='word_1_195' title='bbox 708 2920 799 2973; x_wconf 82' lang='lat' dir='ltr'><strong>illa</strong></span> <span class='ocrx_word' id='word_1_196' title='bbox 847 2932 951 2985; x_wconf 81' lang='lat' dir='ltr'><strong>est,</strong></span> <span class='ocrx_word' id='word_1_197' title='bbox 998 2919 1174 2991; x_wconf 84' lang='lat' dir='ltr'><strong>inquit</strong></span> 
     </span>
     <span class='ocr_line' id='line_1_25' title="bbox 172 2998 1169 3071; baseline 0 -19"><span class='ocrx_word' id='word_1_198' title='bbox 172 3000 404 3070; x_wconf 76' lang='lat' dir='ltr'><strong>Racilius,</strong></span> <span class='ocrx_word' id='word_1_199' title='bbox 419 3004 495 3063; x_wconf 84' lang='lat'><strong>11,</strong></span> <span class='ocrx_word' id='word_1_200' title='bbox 519 3020 542 3055; x_wconf 84' lang='grc' dir='ltr'><strong>ι</strong></span> <span class='ocrx_word' id='word_1_201' title='bbox 553 3001 619 3055; x_wconf 79' lang='lat'><strong>32</strong></span> <span class='ocrx_word' id='word_1_202' title='bbox 635 3040 652 3063; x_wconf 85' lang='lat'><strong>,</strong></span> <span class='ocrx_word' id='word_1_203' title='bbox 668 3018 791 3071; x_wconf 75' lang='lat' dir='ltr'><strong>quae</strong></span> <span class='ocrx_word' id='word_1_204' title='bbox 807 3012 888 3053; x_wconf 89' lang='lat' dir='ltr'><strong>tot</strong></span> <span class='ocrx_word' id='word_1_205' title='bbox 900 2998 1141 3052; x_wconf 83' lang='lat' dir='ltr'><strong>exercuit</strong></span> <span class='ocrx_word' id='word_1_206' title='bbox 1153 3038 1169 3065; x_wconf 90' lang='lat'><strong>,</strong></span> 
     </span>
     <span class='ocr_line' id='line_1_26' title="bbox 173 3078 1174 3142; baseline 0 -11"><span class='ocrx_word' id='word_1_207' title='bbox 173 3080 450 3138; x_wconf 81' lang='lat' dir='ltr'><strong>immovero</strong></span> <span class='ocrx_word' id='word_1_208' title='bbox 463 3078 1174 3142; x_wconf 79' lang='lat' dir='ltr'><strong>occiditGrsmmnticos,illo</strong></span> 
     </span>
     <span class='ocr_line' id='line_1_27' title="bbox 171 3156 1174 3233; baseline -0.009 -15"><span class='ocrx_word' id='word_1_209' title='bbox 171 3159 368 3233; x_wconf 73' lang='lat' dir='ltr'><strong>satyrici</strong></span> <span class='ocrx_word' id='word_1_210' title='bbox 381 3161 648 3217; x_wconf 74' lang='lat' dir='ltr'><strong>senariolo</strong></span> <span class='ocrx_word' id='word_1_211' title='bbox 659 3156 1174 3229; x_wconf 72' lang='lat' dir='ltr'><strong>vaticinante,‹juau-</strong></span> 
     </span>
     <span class='ocr_line' id='line_1_28' title="bbox 171 3236 1172 3297; baseline -0.012 3"><span class='ocrx_word' id='word_1_212' title='bbox 171 3250 262 3293; x_wconf 65' lang='lat' dir='ltr'><strong>tam</strong></span> <span class='ocrx_word' id='word_1_213' title='bbox 307 3261 520 3297; x_wconf 82' lang='lat' dir='ltr'><strong>crucem</strong></span> <span class='ocrx_word' id='word_1_214' title='bbox 565 3239 758 3294; x_wconf 82' lang='lat' dir='ltr'><strong>nostris</strong></span> <span class='ocrx_word' id='word_1_215' title='bbox 809 3238 1004 3291; x_wconf 70' lang='lat' dir='ltr'><strong>criticis</strong></span> <span class='ocrx_word' id='word_1_216' title='bbox 1044 3236 1172 3289; x_wconf 88' lang='lat' dir='ltr'><strong>olim</strong></span> 
     </span>
     <span class='ocr_line' id='line_1_29' title="bbox 172 3316 1174 3389; baseline -0.003 -17"><span class='ocrx_word' id='word_1_217' title='bbox 172 3335 374 3387; x_wconf 84' lang='lat' dir='ltr'><strong>poneret</strong></span> <span class='ocrx_word' id='word_1_218' title='bbox 392 3364 409 3389; x_wconf 90' lang='lat'><strong>,</strong></span> <span class='ocrx_word' id='word_1_219' title='bbox 438 3349 463 3372; x_wconf 72' lang='grc' dir='ltr'>ι</span> <span class='ocrx_word' id='word_1_220' title='bbox 482 3318 699 3375; x_wconf 86' lang='lat' dir='ltr'><strong>Occidit</strong></span> <span class='ocrx_word' id='word_1_221' title='bbox 724 3319 944 3372; x_wconf 83' lang='lat' dir='ltr'><strong>miseros</strong></span> <span class='ocrx_word' id='word_1_222' title='bbox 959 3316 1174 3371; x_wconf 82' lang='lat' dir='ltr'><strong>crambe</strong></span> 
     </span>
     <span class='ocr_line' id='line_1_30' title="bbox 171 3399 958 3473; baseline -0.004 -21"><span class='ocrx_word' id='word_1_223' title='bbox 171 3402 368 3471; x_wconf 68' lang='lat' dir='ltr'><strong>repetita</strong></span> <span class='ocrx_word' id='word_1_224' title='bbox 388 3400 684 3473; x_wconf 74' lang='lat' dir='ltr'><strong>magistros.</strong></span> <span class='ocrx_word' id='word_1_225' title='bbox 719 3426 742 3447; x_wconf 74' lang='grc' dir='ltr'>ι</span> <span class='ocrx_word' id='word_1_226' title='bbox 777 3399 958 3451; x_wconf 75' lang='lat' dir='ltr'><strong>Hum-</strong></span> 
     </span>
    </p>

    <p class='ocr_par' dir='ltr' id='par_1_7' title="bbox 172 3480 1175 4174">
     <span class='ocr_line' id='line_1_31' title="bbox 241 3480 1174 3548; baseline -0.002 -16"><span class='ocrx_word' id='word_1_227' title='bbox 241 3480 288 3533; x_wconf 81' lang='lat'><strong>5.</strong></span> <span class='ocrx_word' id='word_1_228' title='bbox 318 3481 692 3535; x_wconf 72' lang='lat' dir='ltr'><strong>Inimaea&#39;ssimam</strong></span> <span class='ocrx_word' id='word_1_229' title='bbox 713 3482 856 3541; x_wconf 80' lang='lat' dir='ltr'><strong>vinc,</strong></span> <span class='ocrx_word' id='word_1_230' title='bbox 884 3496 1024 3548; x_wconf 80' lang='lat' dir='ltr'><strong>quam</strong></span> <span class='ocrx_word' id='word_1_231' title='bbox 1040 3497 1174 3548; x_wconf 81' lang='lat' dir='ltr'><strong>proe-</strong></span> 
     </span>
     <span class='ocr_line' id='line_1_32' title="bbox 172 3557 1174 3630; baseline 0.001 -22"><span class='ocrx_word' id='word_1_232' title='bbox 172 3561 288 3627; x_wconf 75' lang='lat' dir='ltr'><strong>cipue</strong></span> <span class='ocrx_word' id='word_1_233' title='bbox 331 3565 448 3615; x_wconf 65' lang='lat' dir='ltr'><strong>vitis</strong></span> <span class='ocrx_word' id='word_1_234' title='bbox 489 3562 680 3630; x_wconf 71' lang='lat' dir='ltr'><strong>fugiat.</strong></span> <span class='ocrx_word' id='word_1_235' title='bbox 725 3558 945 3629; x_wconf 82' lang='lat' dir='ltr'><strong>Quippe</strong></span> <span class='ocrx_word' id='word_1_236' title='bbox 991 3557 1080 3612; x_wconf 84' lang='lat' dir='ltr'><strong>cui</strong></span> <span class='ocrx_word' id='word_1_237' title='bbox 1128 3557 1174 3611; x_wconf 87' lang='lat' dir='ltr'><strong>si</strong></span> 
     </span>
     <span class='ocr_line' id='line_1_33' title="bbox 173 3636 1175 3701; baseline 0.001 -10"><span class='ocrx_word' id='word_1_238' title='bbox 173 3638 278 3693; x_wconf 80' lang='lat' dir='ltr'><strong>vitis</strong></span> <span class='ocrx_word' id='word_1_239' title='bbox 301 3641 604 3701; x_wconf 73' lang='lat' dir='ltr'><strong>adseratur,</strong></span> <span class='ocrx_word' id='word_1_240' title='bbox 635 3656 666 3691; x_wconf 83' lang='lat' dir='ltr'><strong>a</strong></span> <span class='ocrx_word' id='word_1_241' title='bbox 704 3637 927 3692; x_wconf 74' lang='lat' dir='ltr'><strong>brassica</strong></span> <span class='ocrx_word' id='word_1_242' title='bbox 961 3636 1175 3692; x_wconf 70' lang='lat' dir='ltr'><strong>recedat</strong></span> 
     </span>
     <span class='ocr_line' id='line_1_34' title="bbox 172 3717 1173 3792; baseline -0.001 -23"><span class='ocrx_word' id='word_1_243' title='bbox 172 3734 222 3769; x_wconf 75' lang='lat' dir='ltr'><strong>ea</strong></span> <span class='ocrx_word' id='word_1_244' title='bbox 246 3738 398 3790; x_wconf 72' lang='lat' dir='ltr'><strong>quam</strong></span> <span class='ocrx_word' id='word_1_245' title='bbox 425 3720 594 3792; x_wconf 79' lang='lat' dir='ltr'><strong>possit</strong></span> <span class='ocrx_word' id='word_1_246' title='bbox 613 3717 916 3789; x_wconf 70' lang='lat' dir='ltr'><strong>longissime</strong></span> <span class='ocrx_word' id='word_1_247' title='bbox 933 3754 948 3782; x_wconf 89' lang='lat'><strong>,</strong></span> <span class='ocrx_word' id='word_1_248' title='bbox 970 3730 1028 3769; x_wconf 90' lang='lat' dir='ltr'><strong>ut</strong></span> <span class='ocrx_word' id='word_1_249' title='bbox 1052 3717 1173 3789; x_wconf 85' lang='lat' dir='ltr'><strong>qui·</strong></span> 
     </span>
     <span class='ocr_line' id='line_1_35' title="bbox 172 3793 1173 3871; baseline 0 -24"><span class='ocrx_word' id='word_1_250' title='bbox 172 3793 278 3850; x_wconf 86' lang='lat' dir='ltr'><strong>dem</strong></span> <span class='ocrx_word' id='word_1_251' title='bbox 299 3800 479 3871; x_wconf 84' lang='lat' dir='ltr'><strong>prodit</strong></span> <span class='ocrx_word' id='word_1_252' title='bbox 505 3811 687 3853; x_wconf 70' lang='lat' dir='ltr'><strong>auctor</strong></span> <span class='ocrx_word' id='word_1_253' title='bbox 727 3797 898 3867; x_wconf 85' lang='lat' dir='ltr'><strong>Geop.</strong></span> <span class='ocrx_word' id='word_1_254' title='bbox 943 3796 1026 3860; x_wconf 84' lang='lat' dir='ltr'><strong>V,</strong></span> <span class='ocrx_word' id='word_1_255' title='bbox 1083 3816 1104 3850; x_wconf 90' lang='grc' dir='ltr'><strong>ι</strong></span> <span class='ocrx_word' id='word_1_256' title='bbox 1124 3815 1173 3849; x_wconf 92' lang='grc' dir='ltr'><strong>ι.</strong></span> 
     </span>
     <span class='ocr_line' id='line_1_36' title="bbox 173 3873 1168 3951; baseline 0.002 -26"><span class='ocrx_word' id='word_1_257' title='bbox 173 3873 408 3933; x_wconf 74' lang='lat' dir='ltr'>Paxamu.</span> <span class='ocrx_word' id='word_1_258' title='bbox 423 3876 569 3951; x_wconf 74' lang='lat' dir='ltr'><strong>apud</strong></span> <span class='ocrx_word' id='word_1_259' title='bbox 589 3875 836 3931; x_wconf 84' lang='lat' dir='ltr'><strong>eumdem</strong></span> <span class='ocrx_word' id='word_1_260' title='bbox 871 3888 1138 3928; x_wconf 76' lang='lat' dir='ltr'><strong>auctorem</strong></span> <span class='ocrx_word' id='word_1_261' title='bbox 1153 3912 1168 3939; x_wconf 89' lang='lat'><strong>,</strong></span> 
     </span>
     <span class='ocr_line' id='line_1_37' title="bbox 175 3954 1173 4030; baseline 0.001 -22"><span class='ocrx_word' id='word_1_262' title='bbox 175 3954 297 4021; x_wconf 80' lang='lat' dir='ltr'><strong>XII,</strong></span> <span class='ocrx_word' id='word_1_263' title='bbox 333 3978 434 4030; x_wconf 84' lang='lat'><strong>17,</strong></span> <span class='ocrx_word' id='word_1_264' title='bbox 484 3977 604 4030; x_wconf 75' lang='lat' dir='ltr'><strong>pag.</strong></span> <span class='ocrx_word' id='word_1_265' title='bbox 636 3957 746 4027; x_wconf 82' lang='lat'><strong>339</strong></span> <span class='ocrx_word' id='word_1_266' title='bbox 768 3994 784 4021; x_wconf 87' lang='lat'><strong>,</strong></span> <span class='ocrx_word' id='word_1_267' title='bbox 820 3954 892 4007; x_wconf 79' lang='lat' dir='ltr'><strong>uit</strong></span> <span class='ocrx_word' id='word_1_268' title='bbox 931 3967 1022 4008; x_wconf 71' lang='lat' dir='ltr'><strong>aut</strong></span> <span class='ocrx_word' id='word_1_269' title='bbox 1051 3957 1173 4009; x_wconf 75' lang='lat' dir='ltr'><strong>tabe</strong></span> 
     </span>
     <span class='ocr_line' id='line_1_38' title="bbox 175 4034 1172 4100; baseline 0.002 -13"><span class='ocrx_word' id='word_1_270' title='bbox 175 4045 272 4088; x_wconf 83' lang='lat' dir='ltr'><strong>tum</strong></span> <span class='ocrx_word' id='word_1_271' title='bbox 299 4039 573 4094; x_wconf 72' lang='lat' dir='ltr'><strong>brassicam</strong></span> <span class='ocrx_word' id='word_1_272' title='bbox 588 4076 604 4100; x_wconf 85' lang='lat'><strong>,</strong></span> <span class='ocrx_word' id='word_1_273' title='bbox 633 4048 726 4092; x_wconf 88' lang='lat' dir='ltr'><strong>aut</strong></span> <span class='ocrx_word' id='word_1_274' title='bbox 735 4036 898 4090; x_wconf 81' lang='lat' dir='ltr'><strong>vitem</strong></span> <span class='ocrx_word' id='word_1_275' title='bbox 922 4034 1172 4089; x_wconf 84' lang='lat' dir='ltr'><strong>interitu-</strong></span> 
     </span>
     <span class='ocr_line' id='line_1_39' title="bbox 175 4112 1172 4174; baseline 0.003 -7"><span class='ocrx_word' id='word_1_276' title='bbox 175 4130 274 4169; x_wconf 82' lang='lat' dir='ltr'><strong>ram</strong></span> <span class='ocrx_word' id='word_1_277' title='bbox 289 4137 412 4174; x_wconf 82' lang='lat' dir='ltr'><strong>esse.</strong></span> <span class='ocrx_word' id='word_1_278' title='bbox 438 4120 522 4173; x_wconf 88' lang='lat' dir='ltr'><strong>De</strong></span> <span class='ocrx_word' id='word_1_279' title='bbox 548 4118 648 4173; x_wconf 74' lang='lat' dir='ltr'><strong>luc</strong></span> <span class='ocrx_word' id='word_1_280' title='bbox 679 4112 958 4171; x_wconf 79' lang='lat' dir='ltr'><strong>inimicitia</strong></span> <span class='ocrx_word' id='word_1_281' title='bbox 977 4114 1172 4169; x_wconf 86' lang='lat' dir='ltr'><strong>iterum</strong></span> 
     </span>
    </p>
   </div>
   <div class='ocr_carea' id='block_1_7' title="bbox 1255 2678 2285 4169">
    <p class='ocr_par' dir='ltr' id='par_1_8' title="bbox 1255 2678 2284 2973">
     <span class='ocr_line' id='line_1_40' title="bbox 1340 2678 2283 2752; baseline 0 -17"><span class='ocrx_word' id='word_1_282' title='bbox 1340 2684 1396 2735; x_wconf 89' lang='lat'><strong>6.</strong></span> <span class='ocrx_word' id='word_1_283' title='bbox 1437 2679 1604 2732; x_wconf 79' lang='lat' dir='ltr'><strong>Folia.</strong></span> <span class='ocrx_word' id='word_1_284' title='bbox 1634 2682 1713 2733; x_wconf 85' lang='lat' dir='ltr'><strong>Ita</strong></span> <span class='ocrx_word' id='word_1_285' title='bbox 1762 2681 1893 2752; x_wconf 81' lang='lat' dir='ltr'><strong>Reg.</strong></span> <span class='ocrx_word' id='word_1_286' title='bbox 1946 2700 1970 2735; x_wconf 84' lang='lat'>1</span> <span class='ocrx_word' id='word_1_287' title='bbox 2014 2678 2136 2734; x_wconf 81' lang='lat' dir='ltr'><strong>cod.</strong></span> <span class='ocrx_word' id='word_1_288' title='bbox 2175 2682 2283 2735; x_wconf 78' lang='lat' dir='ltr'><strong>Alii</strong></span> 
     </span>
     <span class='ocr_line' id='line_1_41' title="bbox 1257 2758 2283 2831; baseline 0.004 -20"><span class='ocrx_word' id='word_1_289' title='bbox 1257 2759 1370 2812; x_wconf 71' lang='lat' dir='ltr'><strong>bina</strong></span> <span class='ocrx_word' id='word_1_290' title='bbox 1415 2760 1639 2831; x_wconf 75' lang='lat' dir='ltr'><strong>legunt:</strong></span> <span class='ocrx_word' id='word_1_291' title='bbox 1672 2758 1764 2813; x_wconf 72' lang='lat' dir='ltr'><strong>ded</strong></span> <span class='ocrx_word' id='word_1_292' title='bbox 1807 2761 1958 2815; x_wconf 74' lang='lat' dir='ltr'><strong>falso.</strong></span> <span class='ocrx_word' id='word_1_293' title='bbox 2011 2759 2122 2812; x_wconf 81' lang='lat' dir='ltr'><strong>Una</strong></span> <span class='ocrx_word' id='word_1_294' title='bbox 2152 2779 2283 2815; x_wconf 81' lang='lat' dir='ltr'><strong>vero</strong></span> 
     </span>
     <span class='ocr_line' id='line_1_42' title="bbox 1256 2838 2284 2912; baseline 0.002 -19"><span class='ocrx_word' id='word_1_295' title='bbox 1256 2838 1401 2893; x_wconf 82' lang='lat' dir='ltr'><strong>idem</strong></span> <span class='ocrx_word' id='word_1_296' title='bbox 1429 2852 1532 2904; x_wconf 82' lang='lat' dir='ltr'><strong>est,</strong></span> <span class='ocrx_word' id='word_1_297' title='bbox 1560 2852 1721 2912; x_wconf 78' lang='lat' dir='ltr'><strong>atque</strong></span> <span class='ocrx_word' id='word_1_298' title='bbox 1746 2840 1904 2894; x_wconf 85' lang='lat' dir='ltr'><strong>unius</strong></span> <span class='ocrx_word' id='word_1_299' title='bbox 1926 2840 2168 2912; x_wconf 80' lang='lat' dir='ltr'><strong>generis,</strong></span> <span class='ocrx_word' id='word_1_300' title='bbox 2222 2860 2284 2895; x_wconf 82' lang='lat' dir='ltr'><strong>ac</strong></span> 
     </span>
     <span class='ocr_line' id='line_1_43' title="bbox 1255 2918 1635 2973; baseline 0.005 -2"><span class='ocrx_word' id='word_1_301' title='bbox 1255 2918 1422 2973; x_wconf 88' lang='lat' dir='ltr'><strong>modi.</strong></span> <span class='ocrx_word' id='word_1_302' title='bbox 1455 2919 1635 2973; x_wconf 67' lang='grc' dir='ltr'>Ηιιιι).</span> 
     </span>
    </p>

    <p class='ocr_par' dir='ltr' id='par_1_9' title="bbox 1257 2996 2279 3132">
     <span class='ocr_line' id='line_1_44' title="bbox 1340 2996 2279 3068; baseline 0 -17"><span class='ocrx_word' id='word_1_303' title='bbox 1340 3017 1392 3068; x_wconf 90' lang='lat'><strong>7.</strong></span> <span class='ocrx_word' id='word_1_304' title='bbox 1432 2999 1613 3052; x_wconf 65' lang='lat' dir='ltr'><strong>Oloris.</strong></span> <span class='ocrx_word' id='word_1_305' title='bbox 1641 2998 1759 3051; x_wconf 84' lang='lat' dir='ltr'><strong>Hoc</strong></span> <span class='ocrx_word' id='word_1_306' title='bbox 1786 3011 1891 3059; x_wconf 86' lang='lat' dir='ltr'><strong>est,</strong></span> <span class='ocrx_word' id='word_1_307' title='bbox 1927 2996 2171 3051; x_wconf 66' lang='lat' dir='ltr'><strong>brassica</strong></span> <span class='ocrx_word' id='word_1_308' title='bbox 2195 3016 2279 3052; x_wconf 83' lang='lat' dir='ltr'><strong>sa-</strong></span> 
     </span>
     <span class='ocr_line' id='line_1_45' title="bbox 1257 3078 1602 3132; baseline -0.009 0"><span class='ocrx_word' id='word_1_309' title='bbox 1257 3078 1397 3132; x_wconf 67' lang='lat' dir='ltr'><strong>tivo.</strong></span> <span class='ocrx_word' id='word_1_310' title='bbox 1419 3078 1602 3131; x_wconf 77' lang='lat' dir='ltr'><strong>Hnu).</strong></span> 
     </span>
    </p>

    <p class='ocr_par' dir='ltr' id='par_1_10' title="bbox 1255 3156 2284 3688">
     <span class='ocr_line' id='line_1_46' title="bbox 1340 3156 2281 3226; baseline -0.002 -16"><span class='ocrx_word' id='word_1_311' title='bbox 1340 3159 1392 3210; x_wconf 89' lang='grc'><strong>8.</strong></span> <span class='ocrx_word' id='word_1_312' title='bbox 1436 3158 1512 3208; x_wconf 82' lang='lat' dir='ltr'><strong>Et</strong></span> <span class='ocrx_word' id='word_1_313' title='bbox 1544 3157 1637 3208; x_wconf 74' lang='lat' dir='ltr'><strong>alis·</strong></span> <span class='ocrx_word' id='word_1_314' title='bbox 1673 3175 1792 3207; x_wconf 79' lang='lat' dir='ltr'><strong>vem</strong></span> <span class='ocrx_word' id='word_1_315' title='bbox 1826 3173 2115 3226; x_wconf 69' lang='lat' dir='ltr'><strong>compescere</strong></span> <span class='ocrx_word' id='word_1_316' title='bbox 2150 3156 2281 3208; x_wconf 77' lang='lat' dir='ltr'><strong>mala</strong></span> 
     </span>
     <span class='ocr_line' id='line_1_47' title="bbox 1257 3239 2277 3308; baseline 0.003 -22"><span class='ocrx_word' id='word_1_317' title='bbox 1257 3239 1469 3306; x_wconf 69' lang='lat' dir='ltr'><strong>corporis</strong></span> <span class='ocrx_word' id='word_1_318' title='bbox 1509 3256 1619 3308; x_wconf 76' lang='lat' dir='ltr'><strong>quoe</strong></span> <span class='ocrx_word' id='word_1_319' title='bbox 1644 3248 1867 3305; x_wconf 80' lang='lat' dir='ltr'><strong>serpant,</strong></span> <span class='ocrx_word' id='word_1_320' title='bbox 1895 3254 2059 3287; x_wconf 76' lang='lat' dir='ltr'><strong>nomas</strong></span> <span class='ocrx_word' id='word_1_321' title='bbox 2083 3249 2277 3290; x_wconf 77' lang='lat' dir='ltr'><strong>vocant.</strong></span> 
     </span>
     <span class='ocr_line' id='line_1_48' title="bbox 1255 3312 2284 3386; baseline 0 -18"><span class='ocrx_word' id='word_1_322' title='bbox 1255 3315 1390 3368; x_wconf 78' lang='lat' dir='ltr'><strong>Aliis</strong></span> <span class='ocrx_word' id='word_1_323' title='bbox 1427 3315 1610 3368; x_wconf 83' lang='lat' dir='ltr'><strong>multis</strong></span> <span class='ocrx_word' id='word_1_324' title='bbox 1648 3314 1779 3367; x_wconf 86' lang='lat' dir='ltr'><strong>locis</strong></span> <span class='ocrx_word' id='word_1_325' title='bbox 1817 3315 1893 3367; x_wconf 90' lang='lat' dir='ltr'><strong>sic</strong></span> <span class='ocrx_word' id='word_1_326' title='bbox 1932 3312 2169 3367; x_wconf 85' lang='lat' dir='ltr'><strong>reddidit</strong></span> <span class='ocrx_word' id='word_1_327' title='bbox 2205 3317 2284 3386; x_wconf 70' lang='lat' dir='ltr'><strong>tp-</strong></span> 
     </span>
     <span class='ocr_line' id='line_1_49' title="bbox 1255 3392 2280 3456; baseline 0.002 -9"><span class='ocrx_word' id='word_1_328' title='bbox 1255 3414 1421 3456; x_wconf 74' lang='grc' dir='ltr'>πητας</span> <span class='ocrx_word' id='word_1_329' title='bbox 1455 3392 1801 3448; x_wconf 83' lang='lat' dir='ltr'><strong>Dioscoridis.</strong></span> <span class='ocrx_word' id='word_1_330' title='bbox 1826 3395 1962 3446; x_wconf 75' lang='lat' dir='ltr'><strong>Du..</strong></span> <span class='ocrx_word' id='word_1_331' title='bbox 1986 3394 2280 3450; x_wconf 77' lang='lat' dir='ltr'><strong>-Nomas.</strong></span> 
     </span>
     <span class='ocr_line' id='line_1_50' title="bbox 1256 3473 2279 3565; baseline -0.001 -37"><span class='ocrx_word' id='word_1_332' title='bbox 1256 3473 1422 3545; x_wconf 76' lang='grc' dir='ltr'><strong>Νομαὶ</strong></span> <span class='ocrx_word' id='word_1_333' title='bbox 1449 3488 1572 3528; x_wconf 87' lang='lat' dir='ltr'><strong>suut</strong></span> <span class='ocrx_word' id='word_1_334' title='bbox 1603 3473 1669 3527; x_wconf 80' lang='grc' dir='ltr'><strong>τὰ</strong></span> <span class='ocrx_word' id='word_1_335' title='bbox 1693 3474 1939 3565; x_wconf 56' lang='grc' dir='ltr'>νιμόμινα</span> <span class='ocrx_word' id='word_1_336' title='bbox 1974 3480 2071 3526; x_wconf 78' lang='grc' dir='ltr'><strong>τῶν</strong></span> <span class='ocrx_word' id='word_1_337' title='bbox 2103 3476 2279 3539; x_wconf 72' lang='grc' dir='ltr'><strong>ὶλκῶν,</strong></span> 
     </span>
     <span class='ocr_line' id='line_1_51' title="bbox 1257 3528 2279 3627; baseline 0.001 -19"><span class='ocrx_word' id='word_1_338' title='bbox 1257 3528 1470 3608; x_wconf 79' lang='lat' dir='ltr'><strong>bulcem</strong></span> <span class='ocrx_word' id='word_1_339' title='bbox 1493 3552 1793 3627; x_wconf 75' lang='lat' dir='ltr'><strong>serpentia,</strong></span> <span class='ocrx_word' id='word_1_340' title='bbox 1825 3570 1943 3625; x_wconf 68' lang='lat' dir='ltr'><strong>que</strong></span> <span class='ocrx_word' id='word_1_341' title='bbox 1970 3552 2279 3626; x_wconf 74' lang='lat' dir='ltr'><strong>depascunt.</strong></span> 
     </span>
     <span class='ocr_line' id='line_1_52' title="bbox 1263 3634 1447 3688; baseline 0.006 -1"><span class='ocrx_word' id='word_1_342' title='bbox 1263 3634 1447 3688; x_wconf 67' lang='lat' dir='ltr'><strong>Hun-</strong></span> 
     </span>
    </p>

    <p class='ocr_par' dir='ltr' id='par_1_11' title="bbox 1259 3712 2285 4169">
     <span class='ocr_line' id='line_1_53' title="bbox 1340 3712 2280 3783; baseline 0.002 -18"><span class='ocrx_word' id='word_1_343' title='bbox 1340 3732 1393 3783; x_wconf 90' lang='lat'><strong>9.</strong></span> <span class='ocrx_word' id='word_1_344' title='bbox 1439 3714 1612 3766; x_wconf 79' lang='lat' dir='ltr'><strong>Tauri.</strong></span> <span class='ocrx_word' id='word_1_345' title='bbox 1647 3712 1737 3766; x_wconf 89' lang='lat' dir='ltr'><strong>Sic</strong></span> <span class='ocrx_word' id='word_1_346' title='bbox 1781 3731 1847 3766; x_wconf 88' lang='lat' dir='ltr'><strong>ex</strong></span> <span class='ocrx_word' id='word_1_347' title='bbox 1892 3713 2047 3767; x_wconf 78' lang='lat' dir='ltr'><strong>MSS.</strong></span> <span class='ocrx_word' id='word_1_348' title='bbox 2072 3712 2280 3767; x_wconf 87' lang='lat' dir='ltr'><strong>emend.</strong></span> 
     </span>
     <span class='ocr_line' id='line_1_54' title="bbox 1259 3791 2283 3863; baseline -0.002 -16"><span class='ocrx_word' id='word_1_349' title='bbox 1259 3791 1427 3847; x_wconf 80' lang='lat' dir='ltr'><strong>Hard.</strong></span> <span class='ocrx_word' id='word_1_350' title='bbox 1468 3812 1612 3846; x_wconf 85' lang='lat' dir='ltr'><strong>cons.</strong></span> <span class='ocrx_word' id='word_1_351' title='bbox 1651 3792 1750 3846; x_wconf 89' lang='lat' dir='ltr'><strong>Ch.</strong></span> <span class='ocrx_word' id='word_1_352' title='bbox 1771 3795 2039 3863; x_wconf 79' lang='lat' dir='ltr'><strong>fungorum</strong></span> <span class='ocrx_word' id='word_1_353' title='bbox 2066 3813 2248 3846; x_wconf 77' lang='lat' dir='ltr'><strong>venena</strong></span> <span class='ocrx_word' id='word_1_354' title='bbox 2267 3833 2283 3859; x_wconf 93' lang='lat'><strong>,</strong></span> 
     </span>
     <span class='ocr_line' id='line_1_55' title="bbox 1261 3872 2285 3928; baseline 0.004 -5"><span class='ocrx_word' id='word_1_355' title='bbox 1261 3878 1394 3927; x_wconf 74' lang='lat' dir='ltr'><strong>tauri</strong></span> <span class='ocrx_word' id='word_1_356' title='bbox 1431 3874 1527 3927; x_wconf 87' lang='lat' dir='ltr'><strong>Gr.</strong></span> <span class='ocrx_word' id='word_1_357' title='bbox 1557 3885 1613 3926; x_wconf 89' lang='lat' dir='ltr'><strong>et</strong></span> <span class='ocrx_word' id='word_1_358' title='bbox 1650 3872 1738 3926; x_wconf 81' lang='lat' dir='ltr'><strong>Al.</strong></span> <span class='ocrx_word' id='word_1_359' title='bbox 1774 3874 1876 3925; x_wconf 81' lang='lat' dir='ltr'><strong>En.</strong></span> <span class='ocrx_word' id='word_1_360' title='bbox 1902 3904 1979 3915; x_wconf 91' lang='lat'><strong>—</strong></span> <span class='ocrx_word' id='word_1_361' title='bbox 2014 3874 2183 3925; x_wconf 80' lang='lat' dir='ltr'><strong>Tauri.</strong></span> <span class='ocrx_word' id='word_1_362' title='bbox 2215 3874 2285 3928; x_wconf 84' lang='lat' dir='ltr'><strong>Et</strong></span> 
     </span>
     <span class='ocr_line' id='line_1_56' title="bbox 1259 3952 2285 4025; baseline -0.002 -18"><span class='ocrx_word' id='word_1_363' title='bbox 1259 3952 1510 4007; x_wconf 75' lang='lat' dir='ltr'><strong>adversus</strong></span> <span class='ocrx_word' id='word_1_364' title='bbox 1527 3952 1723 4007; x_wconf 77' lang='lat' dir='ltr'><strong>taurini</strong></span> <span class='ocrx_word' id='word_1_365' title='bbox 1744 3952 2012 4023; x_wconf 78' lang='lat' dir='ltr'><strong>sanguinis</strong></span> <span class='ocrx_word' id='word_1_366' title='bbox 2030 3952 2175 4025; x_wconf 84' lang='lat' dir='ltr'><strong>epoti</strong></span> <span class='ocrx_word' id='word_1_367' title='bbox 2193 3969 2285 4005; x_wconf 81' lang='lat' dir='ltr'><strong>ve-</strong></span> 
     </span>
     <span class='ocr_line' id='line_1_57' title="bbox 1259 4030 2281 4095; baseline -0.002 -9"><span class='ocrx_word' id='word_1_368' title='bbox 1259 4052 1466 4088; x_wconf 85' lang='lat' dir='ltr'><strong>nenum</strong></span> <span class='ocrx_word' id='word_1_369' title='bbox 1506 4032 1749 4086; x_wconf 70' lang='lat' dir='ltr'><strong>auxiliari</strong></span> <span class='ocrx_word' id='word_1_370' title='bbox 1790 4030 2033 4085; x_wconf 69' lang='lat' dir='ltr'><strong>brassica</strong></span> <span class='ocrx_word' id='word_1_371' title='bbox 2069 4048 2281 4095; x_wconf 84' lang='lat' dir='ltr'><strong>semen,</strong></span> 
     </span>
     <span class='ocr_line' id='line_1_58' title="bbox 1259 4110 2283 4169; baseline -0.005 0"><span class='ocrx_word' id='word_1_372' title='bbox 1259 4126 1447 4169; x_wconf 78' lang='lat' dir='ltr'><strong>auctor</strong></span> <span class='ocrx_word' id='word_1_373' title='bbox 1468 4124 1548 4167; x_wconf 83' lang='lat' dir='ltr'><strong>est</strong></span> <span class='ocrx_word' id='word_1_374' title='bbox 1567 4113 1747 4166; x_wconf 84' lang='lat' dir='ltr'><strong>Diosc.</strong></span> <span class='ocrx_word' id='word_1_375' title='bbox 1776 4110 1830 4165; x_wconf 88' lang='lat' dir='ltr'><strong>in</strong></span> <span class='ocrx_word' id='word_1_376' title='bbox 1855 4112 2004 4165; x_wconf 78' lang='lat' dir='ltr'><strong>Alex.</strong></span> <span class='ocrx_word' id='word_1_377' title='bbox 2027 4129 2075 4164; x_wconf 89' lang='lat' dir='ltr'><strong>c.</strong></span> <span class='ocrx_word' id='word_1_378' title='bbox 2107 4110 2196 4166; x_wconf 78' lang='lat'><strong>25.</strong></span> <span class='ocrx_word' id='word_1_379' title='bbox 2213 4111 2283 4164; x_wconf 82' lang='lat' dir='ltr'><strong>H.</strong></span> 
     </span>
    </p>
   </div>
  </div>
 </body>
</html>
