3150 5150
1016 607 1331 676 LIBER
1379 607 1545 676 xx.
2215 599 2355 698 549

204 735 370 804 vino
399 733 556 805 albo
586 751 744 831 pota
763 789 784 824 ,
821 735 1108 808 calculos
1146 763 1411 836 quoque
1443 737 1786 824 exturbat,
1818 733 2264 806 lumborum¹⁰
2288 751 2357 806 et

202 865 450 912 renum
479 841 746 914 dolores
775 844 981 915 sedat.
1023 845 1378 936 Quidam¹¹
1421 860 1489 916 et
1523 845 1609 914 ad
1644 843 1860 914 vulvae
1901 842 2200 914 dolorem
2242 866 2354 912 ra-

204 945 430 1016 dicem
481 974 634 1020 cum
686 952 843 1020 vino
888 950 1067 1022 dulci
1113 955 1490 1050 propinant.
1540 947 1853 1022 Eadem¹²
1896 951 1967 1020 in
2008 964 2199 1020 aceto
2236 949 2353 1018 de·

207 1069 410 1122 cocta
445 1071 681 1126 contra
711 1055 1190 1178 elephantiasin
1217 1059 1500 1154 proficit.
1526 1053 1868 1153 Asparago
1902 1059 2066 1127 trito
2096 1081 2177 1126 ex
2207 1054 2356 1126 oleo

205 1176 614 1254 perunctum
650 1165 855 1260 pungi
892 1164 978 1234 ab
1012 1165 1246 1260 apibus
1283 1180 1550 1262 negant.

319 1270 581 1337 XLIII.
611 1268 989 1341 Silvestrem
1026 1295 1420 1404 asparagum
1447 1270 1653 1367 aliqui
1694 1267 2055 1366 Libycum⁸
2088 1281 2351 1338 vocant.
2396 1302 2419 1334 ι

213 1373 450 1444 Attio?
480 1375 898 1446 hormenum.
927 1363 1188 1472 Hujus³
1222 1378 1308 1448 ad
1335 1401 1534 1509 supra
1562 1379 1741 1448 dicta
1770 1378 1993 1446 omnia
2021 1373 2357 1446 efficacior

211 1481 350 1565 vis,
383 1495 452 1550 et
487 1470 879 1552 candidiori⁴
913 1486 1144 1579 major.
1177 1469 1501 1581 Regium⁵
1527 1483 1835 1553 morbum
1874 1496 2204 1552 extenuat.
2231 1481 2356 1548 Ve-

209 1587 394 1656 neris
425 1611 624 1657 causa
657 1613 896 1685 aquam
936 1617 1166 1661 eorum
1207 1592 1552 1662 decoctam
1591 1590 1725 1660 bibi
1762 1589 2000 1684 jubent
2041 1585 2125 1656 ad
2153 1585 2357 1654 hemi-

213 1716 391 1762 nam.
423 1694 528 1763 Ad
557 1694 729 1764 idem
757 1711 822 1765 et
842 1722 1068 1767 semen
1090 1696 1267 1768 valet
1292 1724 1442 1768 cum
1475 1697 1751 1782 anetho,
1781 1699 1983 1765 ternis
2011 1696 2354 1788 utriusque

211 1798 451 1870 obolis.
483 1803 703 1871 Datur
734 1815 801 1872 et
832 1804 918 1872 ad
959 1807 1367 1899 serpentium
1396 1805 1565 1874 ictus
1598 1829 1833 1874 succus
1865 1802 2201 1872 decoctus.
2232 1802 2354 1868 Ra·
2393 1830 2421 1864 2

211 1905 329 1974 dix
363 1907 677 1977 miscetur
703 1908 907 1980 radici
932 1912 1252 1981 marathri
1285 1913 1456 1980 inter
1487 1911 1944 1982 efficacissima
1977 1906 2234 1978 auxilia.
2270 1907 2339 1975 Si

211 2015 486 2107 sanguis
509 2039 629 2108 per
656 2017 914 2086 urinam
949 2017 1304 2104 reddatur,
1345 2043 1568 2088 semen
1610 2018 1956 2112 asparagi,
1992 2030 2061 2084 et
2097 2014 2263 2110 apii,
2289 2027 2360 2080 et

211 2120 464 2188 cumini
494 2123 698 2191 ternis
731 2121 942 2193 obolis
971 2125 1038 2192 in
1069 2126 1208 2194 vini
1239 2124 1494 2220 cyathis
1522 2123 1819 2209 duobuS‚
1843 2123 2057 2217 quinis
2087 2118 2356 2203 diebus,

215 2225 634 2322 Chrysippus
664 2227 808 2298 dari
836 2230 1048 2324 jubet.
1087 2233 1197 2302 Sic
1221 2247 1288 2302 et
1323 2230 1703 2332 hydropicis
1730 2229 2139 2299 contrarium
2174 2250 2356 2310 esse,

213 2472 423 2546 Empir.
447 2493 559 2548 esp.
593 2495 725 2539 xxV,
749 2490 803 2531 et
827 2494 942 2549 cap.
984 2497 1131 2532 xxvr.
1168 2479 1237 2533 Β.
1320 2497 1506 2551 tagum
1547 2491 1805 2532 nostrum.
1835 2503 1856 2524 ι
1896 2475 2151 2528 Nostrum
2184 2491 2350 2546 quum

303 2572 386 2607 ιο.
409 2555 711 2612 lumborum.
753 2557 988 2613 Dioscor.
1014 2559 1118 2613 loc.
1145 2559 1239 2614 cit.
1322 2559 1479 2626 dicit,
1506 2559 1771 2630 Libycum
1791 2598 1805 2623 ,
1833 2557 2057 2629 opinor,
2089 2551 2352 2625 intelligit.

215 2634 384 2689 Mare.
411 2636 571 2709 Emp.
599 2656 715 2709 cap.
737 2654 844 2690 xxv
863 2657 879 2706 3
901 2639 1035 2692 Plin.
1055 2640 1238 2693 Valer.
1323 2630 1447 2694 Fuit
1469 2640 1614 2695 enim
1638 2638 1683 2692 is
1697 2657 1762 2692 ex
1786 2637 1992 2703 Africa,
2013 2632 2221 2708 oppido
2242 2632 2355 2687 Ma·

212 2714 310 2768 lib.
335 2714 422 2780 11,
449 2735 564 2789 cap.
600 2716 672 2770 36
691 2758 707 2781 ,
739 2717 835 2773 lib.
857 2720 960 2784 IV,
986 2738 1104 2791 cap.
1135 2718 1238 2787 3o;
1322 2716 1505 2775 daura.
1532 2720 1719 2774 Banu.

215 2794 501 2865 Apuleius,
527 2814 641 2867 cap.
671 2816 871 2851 Lxxxlv
888 2836 903 2861 ‚
928 2799 1008 2852 tit·
1046 2804 1100 2861 4-
1128 2796 1198 2853 Η.
1409 2820 1458 2855 2.
1481 2802 1655 2853 Attici.
1676 2796 1819 2851 Vide
1840 2815 1959 2870 qnae
1982 2792 2217 2849 diximus
2231 2812 2349 2864 sup.

305 2894 330 2927 1
347 2892 394 2932 ι.
435 2877 664 2945 Quidam.
703 2878 846 2930 Plin.
872 2878 992 2931 val.
1015 2878 1112 2933 lib.
1138 2877 1240 2945 IV,
1322 2879 1419 2933 lib.
1444 2898 1490 2933 c.
1514 2886 1607 2944 42.
1642 2878 2107 2931 H.-—Hormenum.
2132 2876 2353 2929 Herme-

213 2974 333 3027 mp.
359 2956 452 3009 30.
475 2956 657 3011 mun.
1321 2978 1455 3013 num
1486 2958 1743 3031 ὀρμηνίου,
1769 2958 1869 3011 ἀπὸ
1898 2961 1981 3009 τοῦ
2010 2958 2190 3027 δρμᾷν,
2226 2953 2351 3027 quia

303 3054 326 3088 1
342 3054 392 3089 a.
423 3036 610 3089 Eadem
635 3040 684 3088 ιἰι
699 3050 835 3089 aceto
854 3037 1050 3091 decocta
1071 3052 1240 3091 eontra
1322 3041 1592 3093 Venerem
1611 3039 1823 3099 excitat,
1838 3031 2234 3107 ἁφροδισισιςιιιός
2257 3035 2349 3093 tet.

212 3116 582 3185 elephantiasin.
623 3117 765 3169 Plin.
791 3116 974 3170 Valer.
1011 3120 1113 3172 loe.
1145 3120 1239 3174 cit.
1321 3117 1466 3172 Vide
1481 3116 1697 3189 supral.
1718 3116 1878 3180 xlx,
1910 3135 1957 3168 c.
1979 3117 2046 3179 8,
2079 3124 2131 3167 et
2157 3112 2348 3165 Athen.

217 3218 238 3239 ·
253 3196 462 3249 Contra
487 3196 881 3269 elephantiasim
913 3197 1098 3253 efficax
1124 3218 1239 3253 cre·
1324 3197 1504 3251 lib.11
1533 3195 1678 3272 apud
1701 3214 1859 3267 quem
1885 3153 2139 3249 scribitur
2160 3210 2352 3264 perpe·

211 3274 378 3328 ditur.
403 3300 426 3322 ·
460 3276 693 3330 Marcell.
724 3276 932 3349 Empir.
969 3297 1086 3351 cap.
1115 3296 1237 3333 xtx·
1322 3290 1418 3332 tuo
1441 3296 1564 3331 cum
1590 3298 1641 3341 s,
1666 3278 1862 3349 δρμινος
1884 3285 1936 3326 et
1957 3276 2188 3345 ὄρμίνιον.
2220 3270 2353 3323 Por-

220 3382 243 3403 ·
271 3353 447 3408 Radix
469 3356 704 3428 asparagi
733 3353 950 3411 decocta
982 3359 1037 3411 in
1063 3374 1240 3426 aceto,
1323 3377 1386 3411 ro
1413 3356 1555 3430 apud
1586 3356 1832 3410 Juvenal.
1871 3354 1981 3408 Sat.
2023 3372 2081 3423 7,
2112 3352 2351 3419 Ast-orum

213 3448 268 3489 et
303 3436 682 3507 elephantiacis
719 3436 1104 3493 rationabiliter
1141 3438 1242 3492 im·
1324 3440 1568 3491 homoenia
1593 3434 1878 3509 legendum
1918 3446 2026 3496 est,
2066 3432 2163 3486 ubi
2189 3432 2352 3503 vulgo

212 3514 455 3587 ponitur.
479 3542 502 3564 ι
542 3515 822 3588 Apuleius,
856 3535 972 3589 cap.
1011 3536 1210 3575 Lxxxtv
1227 3558 1245 3585 ,
1324 3520 1556 3589 epimenia
1574 3557 1591 3580 ,
1607 3517 1690 3570 vel
1707 3513 1969 3586 epimaendia
1982 3512 2192 3583 legitur.
2214 3512 2353 3564 Hor-

212 3597 299 3649 tit.
317 3594 349 3650 3
367 3596 441 3647 ad
451 3597 828 3667 elephantiacus:
848 3623 872 3646 ιι
889 3599 1082 3653 Herba!
1098 3616 1244 3671 anpa-
1324 3598 1560 3653 menium
1574 3597 1964 3650 avenionenses
1985 3591 2149 3645 hodie
2162 3602 2354 3646 vocant

212 3678 328 3747 tagi
363 3674 514 3729 radix
555 3690 702 3729 cocta
741 3678 966 3731 contrita
997 3678 1243 3749 impona·
1328 3679 1666 3741 Romtoconin,
1708 3671 1967 3728 vocabulo
2004 3670 2072 3728 ad
2116 3690 2351 3744 gracum

211 3769 306 3809 mr
331 3756 729 3826 elephantiaco,
753 3757 1083 3811 liberabitur.
1107 3784 1130 3806 ι
1167 3759 1236 3814 Β.
1325 3778 1524 3813 nomen
1549 3754 1840 3811 alludente.
1865 3755 2076 3806 Daue.

295 3836 500 3890 XLIII.
544 3854 590 3889 1.
629 3835 900 3891 silvestr-em
946 3858 1240 3911 asparagum
1410 3838 1464 3890 3.
1513 3836 1677 3906 Hujus
1727 3836 1799 3887 ad
1836 3852 1984 3903 supra
2026 3833 2158 3885 dicta
2180 3866 2198 3893 ‚
2250 3842 2350 3883 etc.

214 3916 374 3987 aliqui
419 3916 648 3987 Libycum
703 3910 2192 3992 vocam.Apu1eiu2,Athen.lib.11‚p.62.11nn.

217 4013 332 4067 cap.
361 4013 595 4051 ωακῐν.
622 3996 833 4053 «Graeci
863 3999 1242 4071 myaeanthan,
1413 4006 1465 4061 4.
1488 3998 1562 4051 Et
1582 3994 1851 4049 candidiori
1872 4012 1947 4043 ma
1919 3995 2041 4062 ajor.
2064 3985 2354 4043 Candidio-

217 4076 306 4128 ³¹¹¹
349 4094 640 4149 “parason
666 4080 880 4149 agrion,
911 4078 1090 4133 Latini
1121 4098 1242 4133 cor·
1329 4074 1860 4131 resnascunturlocis
1874 4068 2356 4125 aridioribus-Du..

222 4155 450 4221 radam,
484 4156 575 4210 alii
606 4174 920 4231 asparagum
951 4171 1243 4231 agrestem,
1415 4156 1469 4210 ⁵.
1497 4156 1719 4225 Regium.
1739 4153 1977 4205 Dioscor.
2006 4150 2102 4202 lib.
2126 4148 2212 4209 11,
2240 4163 2358 4216 cap.

221 4236 307 4290 alii
333 4254 642 4309 asparagum
667 4238 955 4303 rusticum,
981 4240 1071 4294 alii
1096 4234 1688 4311 aspa-152.Hnm.
2078 4320 2103 4363 s
