3150 5150
866 506 1007 577 286
1400 511 1475 578 C.
1532 508 1866 579 PLINII
1919 508 2132 580 NAT.
2193 510 2458 578 HIST.

860 641 1323 735 aequinoctium
1352 642 1651 717 autumni
1683 640 2144 727 conficeretur,
2158 640 2401 711 Thales
2419 645 2733 738 vigesimo
2757 650 2956 741 quinto

860 747 967 815 die
1002 746 1087 815 ab
1126 745 1557 841 aequinoctio,
1599 747 2092 817 Anaximander
2125 749 2446 842 vigesimo
2491 772 2669 820 nono
2692 805 2711 838 ,
2749 755 2956 823 Eucte-

790 872 823 919 6
862 878 1021 923 mon
1044 851 1093 891 ¹⁹
1136 875 1385 922 xnvm.
1474 854 1616 924 Nos
1677 878 2030 950 sequemur
2087 853 2616 925 observationem
2677 860 2954 931 caesaris:

858 960 1141 1029 maxime
1176 960 1318 1028 haec
1360 960 1489 1028 erit
1517 960 1725 1030 Italiae
1757 963 1945 1030 ratio·
1978 961 2300 1031 Dicemus
2341 976 2564 1033 tamen
2603 978 2672 1034 et
2705 963 2952 1037 aliorum

848 1064 1097 1161 'placita
1128 1088 1145 1131 τ
1190 1070 1503 1160 quoniam
1535 1090 1672 1135 non
1709 1068 1901 1136 unius
1937 1080 2160 1155 terrae,
2202 1067 2318 1137 sed
2363 1071 2568 1139 totius
2607 1085 2848 1142 naturae
2873 1077 2954 1141 in·

854 1187 1177 1267 terpretes
1208 1196 1435 1243 sumus
1464 1198 1483 1259 ;
1528 1198 1668 1242 non
1701 1173 2084 1243 auctoribus
2118 1174 2348 1269 positis
2395 1168 2510 1263 (id
2547 1180 2720 1246 enim
2748 1178 2952 1248 verbo·

857 1304 1003 1349 sum
1052 1266 1200 1373 est)
1249 1278 1364 1349 sed
1410 1278 1793 1373 regionibus
1827 1302 1842 1343 ε
1891 1278 2188 1374 legentes
2229 1292 2490 1351 tantum
2529 1286 2954 1371 meminerint,

854 1385 1193 1455 brevitatis
1230 1386 1443 1485 gratia
1464 1438 1484 1471 ,
1512 1408 1718 1479 quum
1762 1388 1977 1455 Attica
2017 1388 2358 1456 nominata
2396 1387 2629 1473 fuerit,
2673 1388 2852 1459 simul
2883 1392 2954 1459 in·

852 1490 1145 1587 telligere
1182 1490 1505 1585 Cycladas
1528 1490 1810 1577 insulas3
1849 1516 2056 1587 quum
2087 1492 2514 1581 Macedonia,
2543 1497 2952 1590 Magnesiam,

850 1594 1243 1685 Thraciam,
1268 1622 1473 1692 quum
1500 1598 1852 1693 AEgyptus,
1871 1598 2255 1685 Phoenicen,
2283 1602 2619 1695 Cyprum,
2651 1599 2952 1689 Ciliciam3

848 1728 1056 1797 quum
1084 1706 1334 1774 Boeotia
1352 1752 1372 1789 ,
1404 1704 1758 1775 Locridem
1777 1758 1796 1791 ‚
1835 1704 2196 1774 Phocidem
2223 1758 2242 1791 ‚
2283 1721 2352 1775 et
2385 1706 2702 1777 finitimos
2731 1732 2954 1803 semper

850 1824 1133 1896 tractus3
1162 1834 1369 1904 quum
1398 1809 1902 1905 Hellespontus,
1931 1810 2422 1884 Cherronesum
2440 1866 2460 1899 ‚
2481 1828 2552 1883 et
2583 1815 2952 1884 continentia

848 1941 1055 2013 usque
1080 1917 1258 1987 Atho
1294 1930 1586 1986 montem
1611 1942 1856 2013 3quum
1886 1917 2110 2002 Ionia,
2135 1919 2384 2004 Asiam,
2415 1934 2482 1989 et
2508 1920 2756 1991 insulas
2779 1923 2951 2001 Asiae;

847 2047 1053 2118 quum
1086 2022 1611 2118 Peloponnesus,
1643 2024 1958 2093 Achaiam
1978 2074 1997 2108 ,
2026 2037 2095 2094 et
2123 2023 2206 2093 ad
2231 2028 2606 2121 Hesperum
2623 2024 2674 2051 ²⁰
2693 2029 2950 2122 jacentes

848 2143 1077 2201 terras.
1119 2129 1412 2199 Chaldaei
1458 2131 1791 2224 Assyriam
1834 2144 1904 2198 et
1942 2128 2368 2225 Babyloniam
2411 2132 2949 2203 demonstrabunt.

777 2262 807 2311 7
846 2235 1135 2306 Africam
1161 2289 1181 2322 ,
1218 2237 1571 2331 Hispanias
1593 2290 1612 2319 ,
1647 2233 1898 2305 Gallias
1936 2234 2110 2305 sileri
2139 2260 2276 2307 non
2317 2240 2443 2308 erit
2471 2240 2734 2309 mirum.
2767 2238 2950 2309 Nemo

845 2342 1021 2411 enim
1052 2342 1430 2412 observavit
1458 2343 1525 2409 in
1557 2343 1634 2411 iis
1656 2396 1676 2429 ,
1703 2342 1817 2436 qui
1848 2341 2138 2413 siderum
2171 2342 2482 2439 proderet
2511 2360 2796 2417 exortus.
2826 2332 2951 2433 Noti

845 2464 1066 2519 tamen
1086 2446 1131 2473 ²¹
1170 2447 1419 2517 difficili
1451 2450 1708 2517 ratione
1732 2448 2207 2543 dignoscentur
2237 2451 2304 2519 in
2339 2449 2464 2521 illis
2493 2476 2761 2547 quoque
2792 2454 2950 2522 terris

842 2554 1204 2650 digestione
1246 2552 1648 2624 circulorum
1671 2607 1691 2639 ,
1733 2581 1931 2650 quam
1960 2557 2028 2624 in
2064 2570 2250 2626 sexto
2294 2556 2638 2630 volumine
2669 2559 2946 2630 fecimus:

842 2686 975 2755 qua
1018 2661 1327 2757 cognatio
1368 2659 1505 2730 caeli
1528 2713 1547 2745 ,
1601 2686 1737 2730 non
1777 2664 2074 2758 gentium
2120 2665 2321 2735 modo
2363 2719 2383 2752 ,
2436 2690 2674 2736 verum
2719 2667 2949 2736 urbium

841 2793 1107 2864 quoque
1159 2766 1563 2863 singularum
1612 2767 2026 2864 intelligitur,
2066 2785 2228 2840 nota
2269 2797 2352 2842 ex
2391 2773 2492 2842 his
2529 2775 2726 2844 terris
2747 2827 2768 2856 ‚
2813 2797 2952 2867 quas

839 2970 901 3025 κὴ
922 2961 1121 3032 staec:
1145 2961 1309 3034 idque
1330 2957 1547 3014 Hesiodi
1570 2959 1866 3031 genuinum
1956 2972 2055 3033 ptu
2083 2963 2220 3016 ratio
2243 2975 2351 3028 est,
2373 2979 2481 3034 qua
2509 2961 2566 3018 id
2589 2977 2856 3028 noscetur,
2873 2981 2951 3034 per

840 3064 975 3117 opus
1016 3045 1175 3098 fuisse
1212 3040 1565 3097 Callimachus
1603 3037 1760 3094 docet
1809 3041 1868 3093 in
1955 3054 2221 3113 segmenta
2264 3043 2464 3098 scilicet
2509 3055 2564 3097 et
2612 3044 2831 3098 circulo·
2847 3079 2863 3107 ,
2901 3053 2952 3095 ut

840 3115 1259 3199 &figi-emmam,
1280 3119 1427 3195 quod
1448 3131 1614 3174 exstat
1641 3119 1695 3172 in
1718 3119 1865 3174 Arati

841 3209 965 3272 vita,
990 3223 1151 3280 quam
1174 3201 1419 3256 petavius
1450 3197 1621 3252 edidit
1641 3199 1698 3252 in
1727 3200 1864 3254 Ura·

841 3286 1090 3356 nologio,
1120 3303 1174 3355 p,
1215 3300 1340 3352 ²7⁰·
1372 3283 1454 3332 De
1484 3279 1584 3333 bac
1615 3279 1862 3346 Hesiodi,

840 3366 1177 3434 Thaletisque
1224 3374 1275 3415 et
1318 3357 1700 3414 Anaximandri
1745 3377 1866 3412 sen-

840 3447 1005 3499 tentie
1034 3440 1279 3496 eumdem
1308 3441 1584 3493 petavium
1617 3438 1862 3504 consule,

843 3527 999 3578 Varr.
1032 3523 1169 3576 Diss.
1194 3520 1249 3573 in
1278 3521 1506 3574 Uranol.
1534 3519 1618 3584 11,
1641 3539 1693 3587 9.
1717 3519 1787 3570 H.

925 3623 1006 3672 19.
1038 3604 1316 3654 Euctemon.
1350 3601 1640 3670 Εὐκτήμων.
1676 3599 1756 3650 De
1797 3615 1862 3651 eo

844 3685 898 3738 in
920 3687 1213 3736 Auctor-um
1239 3678 1443 3732 Indice.
1475 3681 1561 3732 Sic
1593 3677 1718 3730 libri
1745 3695 1862 3730 om-

842 3783 949 3817 nes.
981 3764 1266 3833 Perper-nm
1294 3759 1564 3814 Eudoemon
1603 3774 1863 3827 reponere

710 3881 733 3896 .
839 3845 1031 3898 nititur
1050 3841 1315 3903 Pithoeus,
1346 3837 1483 3890 Adv.
1508 3839 1562 3889 11
1583 3875 1599 3901 ,
1636 3838 1719 3888 13.
1746 3836 1816 3888 Η.

923 3943 1009 3977 ao.
1056 3924 1129 3975 Ee
1176 3919 1247 3970 ad
1280 3919 1561 3988 Hesperum.
1611 3914 1860 3983 Elidem,

842 4003 1113 4058 Arcadiam
1132 4040 1147 4066 ‚
1180 3996 1512 4051 Messeniam.
1542 3997 1720 4048 Heni).

920 4103 947 4136 a
962 4102 1008 4137 1.
1060 4083 1175 4136 Non
1230 4091 1386 4130 tamen
1426 4075 1624 4146 dffcili
1671 4079 1858 4127 ratione

833 4147 1173 4233 dignoscent'ur
1188 4198 1204 4225 ,
1232 4171 1333 4212 etc.
1370 4158 1573 4211 Tamen
1597 4156 1654 4209 in
1677 4175 1858 4226 prom·

1953 3133 2031 3174 est
2055 3139 2086 3174 a
2111 3122 2268 3176 nobis
2291 3123 2432 3177 libro
2457 3135 2603 3178 sexto
2623 3137 2850 3178 extremo
2867 3135 2951 3175 tra·

1952 3199 2126 3254 ditum
2161 3219 2174 3253 :
2213 3201 2359 3256 unde
2402 3215 2454 3256 et
2487 3204 2602 3257 caeli
2645 3203 2847 3258 habitus
2867 3239 2882 3268 ,
2905 3213 2950 3254 et

1951 3281 2149 3350 positio
2198 3300 2308 3335 non
2353 3283 2593 3354 gentium
2643 3283 2833 3349 modo,
2873 3279 2952 3334 sed

1950 3358 2096 3429 quod
2127 3362 2344 3432 majoris
2369 3361 2658 3433 diligentiae
2685 3376 2789 3427 est,
2806 3364 2953 3432 singu·

1949 3439 2120 3492 larum
2141 3442 2358 3495 urbium
2375 3481 2392 3507 ,
2405 3443 2758 3514 cognoscitur.
2773 3445 2954 3496 Assum·

1951 3531 2043 3588 pta
2063 3521 2206 3574 enim
2232 3540 2333 3592 per
2353 3521 2587 3575 Africam
2611 3523 2836 3594 exetnpli
2857 3539 2957 3590 gra·

1953 3599 2048 3662 tie,
2069 3601 2265 3654 aliasve
2289 3615 2482 3668 terras,
2507 3619 2648 3674 quas-
2669 3603 2954 3658 observato:

1951 3677 2172 3746 adierit,
2217 3682 2548 3735 convexitnte
2585 3682 2771 3735 circuli
2796 3720 2811 3747 ,
2861 3682 2954 3732 boc

1950 3771 2055 3824 est,
2083 3760 2294 3814 delecto
2315 3773 2587 3833 segmento
2602 3799 2619 3827 ,
2646 3759 2730 3816 vel
2755 3779 2816 3814 ex
2837 3777 2954 3830 gno·

1950 3856 2108 3892 mone
2127 3881 2142 3904 ,
2187 3842 2271 3894 vel
2315 3861 2380 3894 ex
2431 3842 2725 3912 quantitate
2771 3839 2872 3893 diei
2909 3850 2956 3890 et

1949 3919 2119 3973 noctis
2140 3922 2438 3992 :regionem
2455 3919 2651 3974 deinde
2681 3922 2761 3975 vel
2783 3921 2950 3973 urbem

1949 3996 2217 4062 desumet,
2253 4002 2472 4072 peribus
2511 4000 2714 4054 umbris
2750 4015 2952 4070 respon-

1948 4075 2158 4132 dentem
2187 4099 2200 4132 :
2226 4080 2369 4134 unde
2413 4097 2567 4153 pares
2591 4081 2801 4152 colliget
2836 4077 2954 4131 side·

1949 4175 2069 4210 rum
2102 4171 2249 4213 ortus
2273 4173 2434 4232 atque
2455 4179 2685 4216 occasus.
2709 4160 2880 4213 Hanc.
