3150 5150
786 571 936 646 538
1311 577 1789 650 c-PL1N11
1845 579 2381 648 NAT-Hls‘r.

779 719 1018 793 tatem,
1053 721 1282 802 postea
1319 724 1589 804 sumpta
1626 709 1967 806 crapulam
2000 707 2257 780 discuti.
2300 697 2543 778 Hunc⁴
2582 709 2819 778 cibum
2864 723 2931 775 et

779 811 1126 884 oculorum
1166 811 1450 886 claritati
1477 816 1785 887 conferre
1806 814 2129 888 multum.
2162 801 2483 886 succum⁵
2506 839 2673 884 vero
2698 813 2931 883 crndae

785 917 886 989 vel
936 918 1194 1015 angulis
1259 935 1520 993 tantum
1569 925 1761 994 tactis
1812 948 1967 992 curn
2010 923 2212 992 attico
2259 919 2483 1004 melle,
2532 918 2927 1016 plurimum.

779 1024 1118 1096 Facillime
1143 1030 1504 1124 concoqui,
1529 1029 1811 1126 ciboque
1842 1053 1925 1100 eo
1958 1053 2188 1122 sensus
2215 1028 2504 1123 purgari.
2534 1028 2927 1096 Erasistrati

781 1130 1009 1205 schola
1041 1131 1320 1220 clamat,
1345 1133 1510 1204 nihil
1541 1161 1685 1206 esse
1729 1135 1955 1207 utilius
1978 1135 2325 1206 stomacho
2348 1133 2739 1227 nervisque,
2772 1132 2927 1200 ideo

783 1252 852 1308 et
893 1237 1308 1334 paralyticis,
1349 1255 1420 1313 et
1459 1227 1794 1314 tremulis⁶
1833 1241 1977 1312 dari
2012 1242 2239 1335 jubet,
2274 1255 2343 1310 et
2382 1241 2777 1334 sanguinem
2826 1265 2931 1307 ex·

785 1347 1218 1416 screantibus.
1233 1349 1699 1444 Hippocrates⁷
1722 1347 2005 1420 coeliacis
2016 1361 2085 1419 et
2102 1346 2529 1442 dysentericis
2546 1346 2925 1416 biscoctam

721 1489 752 1524 ι
789 1475 944 1522 cum
973 1449 1129 1522 sale.
1161 1455 1334 1524 Item
1357 1453 1442 1524 ad
1466 1469 1843 1542 tenesmon,
1872 1470 1942 1525 et
1976 1477 2207 1525 renum
2234 1477 2477 1523 causa:
2510 1439 2735 1522 lactis⁸
2766 1477 2929 1544 quo-

783 1581 916 1652 que
952 1557 1324 1630 ubertatem
1365 1565 1711 1657 puerperis
1745 1562 1879 1632 hoc
1916 1561 2067 1631 cibo
2099 1560 2241 1629 fieri
2278 1559 2623 1652 judicans,
2660 1572 2733 1626 et
2776 1583 2927 1652 pur-

784 1665 1158 1758 gationem⁹
1195 1667 1476 1738 feminis.
1520 1667 1852 1739 Crudus¹⁰
1892 1668 2156 1763 quidem
2192 1664 2395 1736 caulis
2436 1667 2489 1735 si
2524 1663 2927 1745 mandatur,

783 1783 1014 1864 partus
1057 1795 1328 1866 quoque
1369 1773 1771 1844 emortuos⁸¹
1809 1773 2017 1870 pellit.
2062 1769 2567 1868 Apollodorus¹²
2602 1769 2925 1838 adversus

783 1875 1144 1972 fungorum
1196 1903 1454 1950 venena
1495 1905 1723 1950 semen
1772 1895 1891 1950 aut
1936 1904 2207 1950 succum
2260 1877 2621 1948 bibendum
2676 1891 2935 1946 censet.

785 1979 1128 2052 Philistion
1155 1986 1671 2080 opisthotonicis
1698 2011 1969 2058 succum
1998 2010 2081 2056 ex
2112 1983 2283 2056 lacte
2306 1985 2581 2078 caprino
2602 2007 2767 2052 cum
2792 1982 2925 2052 sale

783 2101 852 2156 et
893 2088 1104 2158 melle.
1147 2093 1428 2162 Invenio
1455 2108 1523 2162 et
1555 2119 1595 2163 a
1630 2092 1924 2188 podagra
1946 2091 2257 2160 liberatos
2284 2089 2543 2160 edendo
2578 2113 2777 2172 eam,
2804 2089 2919 2157 de-

785 2209 1122 2292 coctaeque
1155 2198 1267 2292 jus
1303 2198 1614 2270 bibendo.
1672 2203 1819 2270 Hoc
1859 2213 1929 2268 et
1972 2197 2291 2268 cardiacis
2332 2195 2561 2266 datum
2604 2211 2679 2265 et
2716 2196 2919 2265 comi·

786 2301 1048 2373 tialibus
1083 2303 1330 2375 morbis
1362 2304 1593 2376 addito
1634 2305 1787 2376 sale.
1830 2289 2063 2374 ltem¹³
2100 2302 2407 2400 splenicis
2450 2305 2517 2372 in
2568 2303 2735 2371 vino
2774 2300 2923 2370 albo

715 2419 748 2474 3
785 2431 908 2502 per
955 2407 1096 2480 dies
1147 2401 1711 2499 xn.1ctericis¹⁴,
1762 2435 1887 2482 nec
1936 2435 2073 2480 non
2117 2424 2188 2481 et
2226 2409 2631 2505 phreneticis
2689 2407 2923 2478 radicis

779 2616 1018 2682 naveris,
1066 2632 1300 2673 comesto
1345 2620 1522 2693 aliqua
1565 2621 1813 2693 quinque
1896 2632 2027 2692 potu
2052 2638 2257 2673 menses
2276 2631 2331 2673 et
2357 2620 2537 2673 alvum
2572 2620 2699 2673 ciet.
2730 2620 2925 2675 sams

781 2695 907 2750 folia
929 2714 944 2749 τ
967 2695 1198 2753 reddent
1221 2712 1271 2753 te
1291 2702 1442 2771 quasi
1455 2700 1594 2754 nihil
1608 2699 1811 2767 ederis,
1896 2719 2019 2754 cnm
2040 2700 2151 2753 lolii
2176 2698 2347 2753 farina
2366 2698 2572 2753 inditus
2598 2718 2811 2753 menses
2828 2715 2921 2753 tra-

783 2775 1090 2849 biheriaqne
1141 2796 1160 2833 ι
1220 2779 1480 2853 bibe-que
1547 2794 1811 2853 qnantum
1896 2780 1995 2836 bit.
2018 2780 2199 2835 Dio-c.
2220 2808 2305 2823 --
2330 2778 2406 2833 Ee
2422 2782 2917 2850 purgatione-saui-

782 2853 946 2909 voles.
977 2880 1000 2903 ι
1037 2856 1222 2910 Banu.
1896 2863 1988 2914 m’s.
2024 2860 2339 2932 Hippocen.
2369 2857 2438 2912 de
2470 2860 2593 2913 Nat.
2635 2860 2776 2914 mul.
2802 2874 2917 2915 text.

867 2938 922 2999 4.
949 2935 1118 2989 Hunc.
1153 2936 1234 2989 Ita
1271 2936 1432 2991 etiam
1459 2938 1721 2993 Paxamns
1752 2938 1809 2993 in
1903 2956 1971 3009 ²9
2007 2953 2060 2994 et
2096 2940 2191 2993 31.
2216 2938 2356 2993 Item
2388 2937 2458 2993 de
2488 2938 2673 2992 Μαι-1).
2714 2940 2841 2993 mal.
2862 2940 2917 3003 Ι,

784 3014 959 3087 Geop·
977 3016 1088 3069 xn
1105 3055 1121 3082 ,
1148 3017 1440 3088 173Diosc.
1465 3036 1703 3091 qnoque,
1722 3020 1811 3086 11,
1896 3030 2025 3073 text.
2047 3025 2139 3089 7⁴.
2176 3018 2363 3073 Banu.

790 3096 920 3160 146.
942 3094 1123 3150 Ηιιιι.
1982 3117 2067 3153 ιο.
2122 3098 2334 3153 cnam.
2394 3098 2761 3170 Hippocrates
2794 3100 2829 3153 1.
2870 3119 2915 3151 c.

867 3172 920 3228 5.
943 3174 1166 3229 succum.
1181 3176 1516 3250 Marc-Emp.
1535 3196 1807 3251 capam:
1896 3177 2169 3250 proxime,
2204 3176 2707 3231 conmanducatam
2736 3180 2911 3232 brassi-

787 3278 812 3301 ·
839 3254 1076 3309 Brassica
1113 3255 1278 3311 cruda
1299 3288 1318 3317 ‚
1359 3256 1535 3327 inquit
1559 3296 1579 3324 ,
1638 3258 1810 3325 trita,
1895 3276 2010 3313 cam
2034 3258 2454 3313 mennon-abere
2474 3256 2748 3329 prodidit:
2774 3258 2909 3311 affri-

783 3350 904 3386 cum
931 3352 1067 3406 pane
1107 3335 1336 3389 candido
1369 3336 1661 3392 madefacto
1684 3338 1810 3391 sub·
1894 3352 2089 3404 catam,
2117 3349 2329 3407 partum
2357 3337 2582 3407 ejicere,
2610 3358 2671 3409 p.
2700 3338 2831 3409 377.
2850 3339 2907 3389 H.

784 3426 928 3475 acta,
959 3432 1023 3467 ac
1040 3393 1206 3468 fronti
1231 3416 1395 3481 illita,
1418 3414 1661 3471 dolorem
1680 3436 1809 3471 ocu·
1980 3436 2073 3473 ιι.
2103 3415 2285 3469 Partus
2309 3436 2493 3489 qaoque
2521 3430 2790 3482 emortuos,
2818 3430 2909 3471 etc.

782 3491 962 3545 lorum
999 3494 1293 3564 plurimum
1333 3498 1547 3550 relevat.
1590 3523 1613 3546 ι
1660 3496 1729 3551 H.
1894 3494 2018 3551 Flo·
2064 3497 2123 3549 in
2178 3514 2334 3569 peteo
2382 3494 2627 3551 subditus
2674 3498 2911 3553 abortum

867 3577 919 3625 6.
955 3573 1030 3623 Et
1067 3576 1809 3643 eremum.1)iosc.11,146,
1894 3577 2037 3633 facit.
2060 3579 2199 3632 Du..

784 3645 1128 3721 Τρομῶδισιν,
1155 3654 1350 3725 quibus
1380 3668 1505 3711 sunt
1533 3670 1681 3711 artus
1702 3670 1811 3711 tre-
1982 3674 2072 3712 12.
2100 3656 2427 3727 Apollodorus
2460 3656 2688 3709 adversus
2712 3656 2907 3726 fungor.

789 3728 937 3783 muli.
966 3730 1150 3785 nnn.
1896 3756 2081 3789 venena
2118 3756 2301 3802 semen,
2336 3748 2436 3791 eto.
2474 3736 2741 3791 Paxamnn
2782 3757 2909 3808 qno·

867 3828 919 3879 7.
949 3809 1246 3881 Hippot-mee
1245 3832 1284 3863 s.
1337 3814 1416 3866 De
1456 3814 1635 3869 Morb.
1677 3817 1808 3871 mul.
1898 3834 2006 3888 qne
2032 3817 2089 3871 in
2118 3815 2293 3887 Geop.
2324 3816 2359 3869 l.
2380 3834 2427 3869 c.
2452 3814 2645 3871 Eun.

785 3890 858 3941 11.
881 3887 1075 3943 Ηιιιιι.
1985 3896 2075 3951 ι3.
2102 3896 2242 3949 Item.
2284 3896 2411 3949 Hac
2436 3896 2637 3968 pariter
2670 3896 2911 3950 Pan-us

868 3971 920 4036 8.
951 3969 1115 4023 Laetis
1151 3990 1334 4042 quoque
1373 3972 1633 4025 ubertatem
1662 3994 1809 4044 puer-
1898 3976 1933 4028 l.
1968 3997 2015 4030 c.
2040 3990 2093 4029 et
2115 3976 2288 4030 Dione.
2316 3976 2607 4038 σπληνικοὺς
2640 3980 2805 4045 ipati
2822 4015 2836 4036 ‚
2862 3978 2901 4027 l.

775 4052 909 4119 peris
928 4086 945 4115 ,
993 4062 1096 4105 etc.
1144 4049 1454 4125 Hippocrat.
1508 4051 1580 4106 tle
1628 4054 1807 4109 Mon-b.
1896 4075 1943 4111 c.
1964 4056 2261 4109 11.—vet.
2289 4054 2433 4126 apud
2462 4055 2579 4107 Dal.
2604 4056 2741 4108 idem.
2770 4058 2865 4107 Eu.

784 4129 914 4181 ”ml-
948 4129 1006 4195 1,
1035 4144 1162 4184 text.
1196 4131 1288 4201 73.
1316 4132 1495 4186 ΗΑιιιι.
1984 4154 2003 4188 ι
2024 4143 2073 4201 4.
2118 4138 2349 4189 [curicis.
2394 4136 2462 4188 Et
2502 4135 2587 4188 his
2613 4154 2819 4207 quoque
2848 4136 2901 4187 in

863 4228 919 4279 9.
939 4208 1277 4280 purgationem
1283 4216 1495 4279 seminis.
1518 4216 1803 4267 Decoctum
1898 4216 2023 4268 vino
2044 4216 2165 4269 albo
2190 4214 2305 4269 dati
2339 4234 2439 4286 per
2472 4214 2591 4269 dies
2624 4234 2691 4269 ιιι.
2710 4254 2724 4279 ,
2746 4215 2893 4267 Paxa-
