3150 5150
970 592 1284 660 LIBER
1356 594 1569 660 XIX.
2176 591 2328 678 [305

204 721 419 788 Graeci
466 719 694 814 agrion
730 736 1004 807 vocant,
1050 724 1307 792 Pontici
1352 747 1629 805 armon,
1671 720 1779 790 alii
1822 720 2086 808 leucen,
2124 729 2330 795 nostri

198 828 629 894 armoraciam
656 881 677 914 ,
706 825 942 896 fronde
968 830 1295 923 copiosius
1328 852 1525 923 quam
1564 853 1866 923 corpore.
1905 831 1986 896 In
2022 831 2330 900 omnibus

200 946 421 1000 autem
475 931 834 1027 probandis
887 936 1171 1004 maxime
1228 949 1614 1030 spectantur
1651 932 1872 1004 caules
1917 960 1932 1000 :
1976 935 2328 1006 immitium

200 1038 379 1106 enim
404 1038 821 1108 rotundiores
856 1041 1367 1135 crassioresque,
1396 1064 1477 1112 ac
1514 1039 1728 1135 longis
1757 1039 2112 1112 canalibus.
2146 1042 2329 1112 Folia

198 1142 347 1237 ipsa
382 1146 703 1233 tristiora,
744 1159 812 1214 et
850 1145 1107 1241 angulis
1146 1145 1436 1216 horrida.

306 1251 442 1318 Seri
477 1248 621 1320 vult
649 1251 981 1346 raphanus
1012 1265 1188 1320 terra
1214 1251 1466 1333 soluta,
1508 1250 1803 1321 humida.
1845 1254 2104 1322 Fimum
2149 1254 2322 1341 odit,
2359 1268 2394 1332 4

196 1352 389 1447 palea
440 1371 810 1427 contentus.
857 1358 1127 1452 Frigore
1176 1358 1341 1428 adeo
1384 1357 1666 1453 gaudet,
1729 1371 1802 1426 ut
1852 1359 1919 1427 in
1961 1361 2326 1430 Germania

196 1460 548 1531 infantium
601 1487 959 1558 puerorum
1020 1465 1537 1559 magnitudinem
1588 1477 1820 1558 oequet.
1867 1465 2122 1534 Seritur
2177 1481 2329 1560 post

196 1564 350 1636 idus
373 1567 533 1637 febr.
558 1583 633 1638 ut
654 1593 897 1638 vernus
920 1571 1040 1638 sit:
1078 1572 1447 1689 iterumque
1469 1569 1643 1639 circa
1669 1557 2118 1639 Vulcanalia¹³
2122 1624 2142 1657 ,
2179 1597 2326 1666 quae

196 1673 369 1742 satio
386 1673 633 1744 melior.
656 1675 853 1745 Multi
876 1689 941 1744 et
959 1677 1236 1763 martio,
1257 1691 1326 1745 et
1350 1673 1538 1771 aprili
1567 1689 1825 1762 serunt,
1847 1690 1916 1745 et
1935 1677 2316 1770 septembri.

192 1779 563 1874 Incipiente
579 1782 1009 1868 incrementO,
1032 1781 1291 1851 confert
1310 1781 1563 1850 alterna
1583 1780 1740 1850 folia
1760 1729 2319 1868 circumobruere,

190 1884 377 1978 ipsos
408 1909 569 1956 vero
600 1875 1079 1958 accumulare¹⁴
1083 1887 1295 1957 .Nam
1330 1889 1443 1982 qui
1476 1885 1695 1956 extra¹
1701 1872 1997 1956 ⁵terram
2035 1890 2321 1975 emersit,

191 1989 405 2060 durus
440 1991 517 2065 fit
548 2007 745 2088 atque
769 1991 1107 2087 fungosuS.
1138 1977 1707 2063 Aristomachus¹⁶
1732 1991 1989 2062 detrahi
2014 1993 2168 2062 folia
2203 2019 2324 2088 per

190 2095 483 2166 hiemem
520 2099 744 2192 jubet3
787 2113 887 2181 et,
930 2122 1014 2167 ne
1057 2097 1307 2169 lacunae
1348 2113 1689 2194 stagnent,
1725 2097 2184 2168 accumulare·
2229 2101 2322 2169 ita

186 2201 263 2269 in
297 2217 587 2273 aestatem
622 2204 1073 2298 grandescere.
1108 2204 1395 2293 Quidam
1420 2203 1798 2299 prodidere,
1818 2205 1874 2272 si
1897 2203 2049 2298 palo
2083 2205 2323 2275 adacto
2358 2223 2390 2276 5

186 2331 478 2378 caverna
506 2309 691 2404 palea
716 2311 1118 2379 insternatur
1143 2334 1257 2379 sex
1282 2310 1638 2405 digitorum
1667 2307 2010 2379 altitudine
2030 2361 2049 2393 ,
2086 2310 2321 2381 deinde

186 2414 261 2482 in
288 2439 515 2484 semen
542 2417 905 2510 fimumque
933 2429 999 2484 et
1021 2430 1199 2484 terra
1228 2429 1626 2511 congeratur
1645 2468 1664 2502 ‚
1685 2413 1769 2502 ad
1799 2415 2316 2510 magnitudinem

183 2521 449 2591 scrobis
490 2546 805 2593 crescere.
866 2522 1203 2617 Praecipue
1238 2535 1461 2591 tamen
1516 2519 1698 2591 salsis
1747 2518 2034 2593 aluntur.
2082 2525 2316 2618 Itaque

180 2628 393 2696 etiam
432 2626 669 2697 talibus
705 2628 891 2723 aquis
920 2628 1315 2723 irrigantur,
1338 2642 1406 2697 et
1436 2628 1501 2695 in
1537 2625 1883 2723 AEgypto¹⁷
1922 2630 2099 2700 nitro
2145 2654 2319 2725 spar-

178 2748 464 2826 guntur,
486 2734 599 2803 ubi
635 2749 790 2804 sunt
828 2736 1149 2805 suavitate
1176 2734 1513 2829 praecipui.
1548 2736 1630 2802 In
1666 2747 1880 2803 totum
1912 2759 2176 2829 quoque
2207 2736 2324 2805 sal·

176 2841 425 2934 sugine
449 2840 817 2909 amaritudo
840 2864 1073 2910 eorum
1112 2840 1439 2929 eximitur,
1482 2840 1780 2933 fiuntque
1809 2840 2016 2911 coctis
2047 2841 2322 2927 similes;

176 3011 273 3065 his
322 3014 605 3083 pretiosior
656 3015 1007 3070 armoraciam
1060 3014 1213 3068 Italia
1298 3012 1646 3079 vulcanalia,
1691 3030 1857 3084 quum
1902 3014 2175 3068 maturius.
2219 3014 2324 3069 Sed

173 3108 375 3143 nrum
404 3092 739 3166 antiquarum
771 3112 992 3166 parens,
1040 3092 1213 3147 adhuc
1299 3093 1413 3147 haec
1442 3094 1574 3146 satio
1605 3051 1717 3145 sine
1743 3089 1911 3146 dubio
1941 3094 2132 3147 melior
2159 3094 2324 3149 babe-

174 3171 491 3225 Ammomee'
546 3184 599 3225 et
648 3173 895 3225 Remota-ei
939 3174 1215 3239 nominat,
1301 3184 1408 3225 tur.
1432 3166 1673 3225 ..ΗΑιιυ

174 3263 323 3305 teste
355 3252 691 3322 Anguillara,
720 3253 864 3307 Part.
898 3270 957 3321 7,
998 3271 1054 3324 p.
1085 3271 1108 3306 ι
1125 3271 1213 3307 12.
1387 3256 1477 3329 14.
1508 3250 1646 3321 Ipsos
1666 3270 1784 3302 vem
1805 3250 2120 3303 accumulare.
2146 3252 2324 3325 Agge-

170 3326 509 3390 (cochlearia
529 3332 835 3386 Amor-aeth.
838 3322 863 3401 )
882 3332 1121 3386 Dioscor.
1134 3332 1213 3397 11,
1301 3348 1419 3385 rare
1432 3342 1624 3383 terram
1631 3327 2098 3394 ,circumfundere
2109 3332 2322 3387 Colum.

180 3408 370 3463 138:
418 3401 585 3493 Pmoun
588 3411 630 3473 ὶς
672 3412 851 3485 ἀγρία,
898 3412 957 3469 ἣν
996 3402 1213 3484 ῥωμαῑοι
1299 3410 1405 3463 loc.
1436 3408 1526 3463 cit.
1558 3408 1740 3463 Hann.

166 3489 495 3561 ἀρμορωιίαν
520 3496 749 3557 καλοῦσι,
771 3503 869 3547 etc.
893 3490 1077 3545 Hsan.
1386 3487 1478 3542 15.
1488 3488 1620 3542 Nm
1637 3490 1889 3559 quium.
1909 3488 2122 3543 Colum.
2137 3488 2324 3545 iisdem

274 3566 374 3621 13.
412 3569 559 3623 Circa
593 3531 904 3623 Vuleaeinale'a.
933 3570 1216 3624 Columell.
1303 3569 1514 3634 verbis,
1536 3567 1574 3619 1.
1603 3584 1651 3619 c.
1679 3566 1856 3622 unu.

166 3648 266 3699 XI
278 3686 297 3711 ‚
349 3648 423 3701 3·
406 3688 423 3701 .
470 3649 775 3703 -Cnterum
804 3654 1041 3720 Augusto
1073 3650 1217 3703 cirea
1388 3650 1477 3701 16.
1523 3646 1904 3701 Aristomachus.
1935 3648 2212 3722 Theopbr.
2258 3647 2325 3704 de
2408 3678 2417 3683 -

166 3728 540 3793 vulcanalia,
571 3730 723 3782 tertia
750 3728 884 3783 satio
912 3740 1021 3782 est:
1050 3746 1216 3801 eaque
1302 3727 1457 3783 Caus-
1473 3727 1550 3792 V,
1579 3726 1642 3792 5,
1669 3744 1787 3798 pag.
1819 3726 1942 3782 330.
1960 3728 2147 3781 Han.

162 3808 401 3878 optima
426 3768 619 3861 radicis
656 3805 781 3871 (hoc
806 3820 917 3874 est,
943 3804 1212 3900 raphani).
1392 3824 1481 3877 ¹7·
1510 3806 1586 3858 Ee
1616 3809 1668 3858 in
1699 3806 1944 3881 AEgypeo.
1971 3806 2209 3871 Plinius,
2231 3808 2328 3861 lib.

164 3898 233 3940 et
204 3904 453 4019 tes-apo,
484 3888 719 3960 itemque
746 3887 901 3959 napi,
932 3899 988 3940 et
1010 3886 1217 3951 siseris,
1304 3886 1525 3952 XXXI,
1549 3904 1666 3957 cap.
1697 3888 1768 3949 46
1793 3904 1808 3939 z
1846 3912 1869 3934 ι
1891 3886 2024 3941 Sulis
2040 3888 2158 3940 vice
2177 3898 2330 3939 utun-

322 3968 471 4019 .Δο
516 3967 693 4022 multo
736 3980 895 4043 post:
932 3924 1219 4037 :Raphani
1304 3977 1397 4019 tur
1438 3963 1507 4017 ad
1550 3964 1815 4036 raphanos
1853 3966 1998 4019 nin-o
2035 3966 2289 4036 AEgyptio
2310 3985 2327 4020 ι

162 4043 345 4099 radix
384 4046 469 4099 bis
508 4064 649 4099 anno
684 4046 913 4101 seritur.
949 4045 1221 4099 februario
1305 4043 1601 4099 teneriores
1627 4060 1717 4097 eos
1743 4043 1903 4098 facit:
1938 4044 2082 4097 olen
2109 4044 2330 4098 viridio-

166 4143 413 4193 mense‚
448 4144 619 4198 quum
642 4144 865 4179 vernum
888 4125 1119 4179 fructum
1138 4142 1223 4177 ex·
1310 4141 1405 4177 ra.
1440 4148 1463 4171 ι
1506 4124 1601 4176 ubi
1637 4124 1902 4194 raphanos
1948 4122 2016 4175 ab
2059 4124 2330 4188 oleribus,

166 4218 526 4275 spectamus:
546 4218 601 4259 et
622 4207 869 4276 Augusto
888 4222 1066 4259 mense
1086 4204 1226 4258 circa
1314 4204 1421 4256 hoc
1447 4214 1555 4270 est,
1581 4220 1611 4257 a
1641 4202 1866 4258 brassica
1893 4202 2140 4257 secernit.
2170 4202 2236 4257 Η.

781 4284 815 4315 ²
952 4360 957 4372 .
1904 4295 2020 4380 26³
