3150 5150
957 496 1257 564 LIBER
1333 499 1488 566 XX.

2154 494 2289 592 567

173 629 398 698 ·rebro
425 652 545 722 per
566 627 822 697 somnia
851 627 1382 722 imaginantihus·
1418 615 2000 759 Pfaeeavendum⁵⁹
2018 645 2120 700 est
2144 655 2289 725 gra·

173 734 332 804 vidis
371 734 743 803 abstineant
777 733 908 802 hoc
942 735 1149 804 cibo·
1191 720 1456 805 necari⁶
1459 733 1695 804 “enim
1736 750 1969 829 partus
2007 737 2289 807 invenio.

173 840 411 909 ⁴Eadem
460 865 542 908 ex
598 839 906 909 omnibus
944 842 1103 909 satis
1161 841 1667 936 quadrupedum
1716 866 2027 972 quoque‘⁵
2045 842 2293 912 morbis

173 973 218 1013 n
249 947 546 1016 maximo
574 969 698 1015 usu
727 960 866 1032 est,
894 947 1032 1016 sive
1059 946 1328 1018 difficile
1361 947 1799 1042 spirantihu8‚
1828 933 2005 1016 sive⁶
2012 946 2293 1018 'contra

173 1051 617 1122 naleficorum
652 1051 1036 1121 'animalium
1077 1055 1286 1141 ictus,
1336 1054 1556 1124 infusa
1592 1079 1714 1149 per
1752 1077 1945 1124 nares
1981 1079 2063 1124 ex
2104 1057 2290 1124 vino:

173 1173 268 1227 tut
301 1161 360 1228 si
389 1160 854 1254 sanguisugam
883 1159 1328 1248 exhauserim,
1344 1185 1427 1228 ex
1455 1175 1676 1246 acet03
1700 1174 1768 1228 et
1787 1185 2209 1292 quocumque
2227 1165 2294 1230 in

173 1263 352 1334 imili
397 1265 786 1335 morborum
825 1288 1105 1359 genere,
1140 1281 1218 1335 ut
1252 1269 1320 1334 in
1353 1266 1664 1353 homine,
1696 1253 2135 1362 temperata&

259 1374 419 1440 LII.
459 1359 671 1464 (tw.)
707 1373 1148 1442 Mentastrum
1185 1371 1499 1442 silvestris
1541 1387 1763 1442 menta
1806 1388 1941 1456 est,
1979 1373 2294 1444 differens
2338 1423 2357 1452 ι

173 1479 376 1570 pecie
417 1476 728 1547 foliorum
774 1503 922 1572 quae
967 1493 1121 1547 sunt
1162 1478 1376 1576 figura
1427 1481 1670 1562 ocimi,
1710 1477 1993 1574 pulegii¹
2049 1479 2291 1550 colore.

173 1583 480 1678 .³ropter²
503 1583 684 1714 quod
707 1583 977 1678 quidam
1009 1584 1310 1654 silvestre
1338 1586 1675 1681 pulegium
1711 1599 1971 1655 vocant.
2004 1588 2096 1656 Iis
2124 1611 2296 1656 com-

174 1675 616 1761 nanducatis³
671 1704 739 1759 et
810 1691 1129 1786 impositis
1194 1693 1412 1762 sanari
1476 1691 1991 1787 elephantiasin,
2063 1694 2294 1786 Magni

235 1849 334 1918 59.
363 1848 753 1902 Proeeaoendam.
779 1848 1026 1902 Occurrit
1053 1849 1181 1902 huic
1265 1867 1382 1921 quai
1416 1849 1619 1903 Plinius
1656 1847 1723 1902 de
1775 1849 2049 1902 mentastri
2090 1849 2293 1904 viribus

173 1928 314 1982 ‘unii
340 1929 578 1981 cautioni
610 1927 816 1981 Plinius
840 1929 974 1982 alter
1010 1926 1180 1982 medi-

173 2027 244 2060 tus
259 2045 277 2072 ‚
299 2008 408 2070 IV,
429 2007 460 2062 3
493 2025 508 2060 :

173 2087 330 2158 nquit
341 2125 358 2151 ,
378 2099 512 2140 ruta
526 2087 652 2141 vitia
670 2085 854 2140 dixere
867 2125 884 2152 ,
896 2087 1043 2159 quod
1056 2105 1179 2153 ven?

174 2183 290 2219 rem
318 2165 593 2231 inhibeat,
626 2165 854 2237 genitale
883 2185 1062 2220 semen
1085 2186 1179 2221 ex-

174 2247 420 2318 tinguat,
455 2246 683 2300 infantes
715 2245 772 2299 in
807 2258 962 2300 utero
1003 2260 1174 2301 necet.

173 2327 299 2378 i'seit
326 2327 471 2380 euim
502 2326 620 2380 haee
653 2344 763 2378 non
791 2325 932 2398 ipsa,
957 2325 1054 2380 sed
1081 2327 1178 2399 qui

173 2405 366 2459 virtutis
409 2407 524 2478 ejus
557 2405 736 2471 obliti,
777 2424 880 2458 nec
917 2405 1142 2459 modum
1160 2445 1177 2471 ,

173 2503 250 2538 uec
269 2499 484 2556 tempus
509 2485 770 2557 aspiciunt
792 2502 806 2537 ε
833 2483 956 2538 ideo
979 2498 1176 2557 tempe·

173 2584 268 2619 are
297 2565 583 2637 prudentis
614 2579 720 2631 est,
761 2575 824 2617 ut
866 2562 936 2618 de
975 2566 1176 2620 auxilio

171 2664 262 2699 ion
289 2646 386 2700 fiat
414 2663 697 2699 venenum.
727 2644 974 2698 dium.

233 2726 846 2780 60.Noeari.1·'lorent.
899 2724 956 2777 in
1000 2726 1175 2825 Geop.

173 2806 292 2869 m,
335 2804 437 2871 25,
477 2824 598 2877 pag.
621 2804 785 2875 3492
769 2794 858 2858 ·ὁ
877 2804 962 2858 καὶ
989 2807 1175 2875 καρπὸς

173 2892 234 2938 οῦ
264 2886 435 2956 ἀγρίου
459 2885 684 2956 πηγάνου
711 2884 966 2954 πινόμενος
989 2886 1174 2956 ἡμέρας

173 2959 212 3017 ι’
266 2963 460 3036 ‘pepon
488 2966 742 3036 emptu·
787 2965 980 3017 Semen
1021 2965 1174 3017 silve-

177 3044 270 3097 tris
287 3062 465 3098 eruco
492 3058 734 3116 potatum
757 3060 856 3114 per
882 3042 997 3096 dies
1021 3044 1176 3117 quin·

172 3123 364 3185 lecim.
409 3124 546 3177 fetus
571 3136 762 3188 necat,
797 3135 900 3175 etc.
936 3149 958 3170 ι
999 3123 1070 3175 Η.

233 3206 329 3258 61.
360 3202 487 3257 Sive.
529 3204 764 3256 Florem.
802 3200 840 3255 l.
865 3222 912 3257 c.
946 3202 1048 3255 Καὶ
1081 3202 1173 3265 τὰς

174 3292 208 3335 lx.
247 3286 418 3356 θηρίων
454 3281 647 3349 βλαἙας
689 3280 821 3354 ματ-ὰ
867 3284 992 3336 οἴνου
1036 3283 1174 3337 πινοό

173 3382 314 3417 ιενον.
341 3364 528 3417 ΗΑΜ).

233 3448 324 3497 62.
359 3444 656 3513 Temperata.
681 3441 770 3495 sic
791 3459 856 3493 ex
885 3440 1039 3494 MSS.
1068 3460 1171 3494 em.

173 3522 321 3578 “Ian-d.
348 3534 606 3593 temperato
632 3521 730 3573 Gr.
756 3534 810 3573 et
837 3520 924 3574 Al.
949 3522 1052 3574 En.

209 3603 328 3656 LII.
340 3622 364 3655 1
377 3643 389 3655 .
405 3604 518 3655 Pul.
528 3600 703 3654 color-e.
712 3601 980 3655 Dictamm'.
994 3599 1171 3653 Rond.

173 3682 288 3735 &am
312 3681 583 3736 dictamno
599 3719 616 3746 ,
646 3692 706 3733 ut
733 3693 1021 3734 mentastro
1047 3680 1174 3733 folia

174 3774 476 3827 umentem,
518 3778 673 3824 cana,
723 3760 844 3813 alba
878 3781 893 3811 ε
952 3759 1172 3832 pulegio

173 3858 280 3895 vero
307 3840 529 3895 minime
549 3840 694 3893 talia.
730 3840 801 3893 At
836 3858 1003 3911 quum
1040 3840 1174 3891 Dio·

173 3920 385 3975 eor-ides
406 3923 520 3974 hac
558 3918 629 3973 de
657 3917 890 3974 secundo
921 3918 1172 3973 calamin-

177 4000 268 4053 hes
290 4018 482 4073 genere
511 3998 580 4053 ad
619 4000 843 4053 verbum
870 3999 1140 4071 scripserit
1156 4040 1172 4065 ,

173 4092 206 4131 et
228 4079 296 4133 de
322 4082 485 4134 trium
512 4079 854 4133 calaminthes
875 4080 1172 4150 specierum

173 4159 404 4215 heultate
435 4158 492 4213 in
521 4160 828 4213 universum
857 4157 1140 4213 tradiderit
1160 4196 1177 4224 ,

536 2033 560 2056 ι
582 2007 899 2062 Stultissime
927 2007 1146 2080 quidam
1164 2046 1181 2073 ,

1263 1927 1473 1999 prodit,
1507 1947 1688 1982 rerum
1720 1927 2053 2000 ignoratione
2095 1943 2295 1984 menta·

1263 2021 1434 2062 strum
1461 2025 1587 2061 cum
1616 2008 1796 2079 primo
1825 2008 2166 2062 calaminthes
2199 2027 2289 2079 ge·

1261 2105 1390 2141 nere
1407 2127 1422 2150 ,
1477 2086 1625 2160 quod
1670 2087 1812 2141 foliis
1868 2099 1947 2140 est
1989 2086 2183 2153 ocimi,
2236 2101 2291 2140 et

1262 2185 1388 2220 cum
1409 2165 1643 2221 secundo
1658 2207 1675 2230 ,
1705 2165 1852 2238 quod
1880 2166 2021 2220 foliis
2041 2179 2120 2220 est
2140 2169 2292 2237 pule-

1259 2246 1353 2318 gii,
1363 2246 1667 2301 confudisse
1678 2247 1912 2300 arbitror
1927 2245 2157 2299 Plinium
2165 2285 2181 2312 ,
2194 2267 2289 2300 vo—

1259 2327 1411 2379 cibus
1425 2329 1593 2398 μίνοης
1608 2338 1660 2378 et
1668 2328 1965 2396 καλαμίνθης
1984 2324 2288 2397 deceptum.

1259 2407 1465 2460 Dauo.
1512 2435 1591 2450 -—-
1623 2407 1837 2476 pulegii.
1888 2407 2029 2472 Quia
2056 2404 2287 2477 nigriora

1259 2486 1422 2555 paulo
1437 2524 1454 2552 ,
1479 2487 1763 2556 minusque
1783 2485 1975 2539 incana
1996 2485 2124 2538 folia
2142 2523 2159 2548 ‚
2195 2503 2286 2538 cu-

1255 2564 1491 2637 jusmodi
1519 2578 1862 2619 mentastrum
1894 2578 1973 2619 est
2002 2580 2287 2638 campense

1259 2657 1311 2697 et
1339 2646 1609 2698 Zwolense
1634 2646 1845 2699 Lobelii
1885 2644 1943 2699 in
1969 2646 2124 2699 obss.
2164 2662 2283 2717 pag.

1265 2725 1413 2794 2733
1445 2725 1774 2796 Dalecampii
1822 2726 1957 2779 nist.
2003 2726 2178 2796 plant.
2206 2726 2284 2789 V,

1257 2822 1379 2877 pag.
1411 2804 1539 2872 573.
1555 2804 1710 2859 Nos‘
1694 2822 1751 2857 m
1776 2805 1937 2857 horto
1958 2804 2127 2876 Regio
2145 2803 2283 2858 vidi·

1257 2902 1397 2939 mus.
1425 2885 1648 2939 Nullum
1676 2897 1754 2937 est
1782 2902 1813 2935 e
1838 2884 2013 2936 tribus
2032 2884 2284 2938 calamin-

1257 2963 1364 3017 ὼε
1390 2965 1703 3036 generibus,
1750 2970 1869 3033 qum
1900 2980 1931 3015 a
1962 2961 2284 3016 Dioscoride

1255 3041 1631 3097 describuntur
1653 3078 1672 3105 ..
1708 3043 1825 3106 111,
1850 3040 1922 3104 43
1947 3081 1964 3104 ,
2006 3044 2102 3095 etsi
2147 3042 2285 3096 vires

1254 3123 1544 3195 utrobique
1568 3122 1659 3175 vix
1689 3119 1945 3191 dispares.
1978 3120 2084 3174 Sed
2104 3133 2281 3175 menta

1256 3202 1538 3265 silvestris,
1568 3202 1637 3254 ab
1657 3199 1847 3254 eodem
1878 3197 2139 3265 delibata,
2165 3206 2279 3273 ca'p.

1263 3288 1333 3344 42
1354 3320 1370 3346 ,
1411 3294 1473 3335 ut
1525 3280 1755 3334 diximus
1801 3280 1897 3334 lib.
1954 3280 2090 3332 xlx
2113 3318 2130 3344 ‚
2187 3288 2279 3351 47.

1257 3362 1440 3427 Quare
1479 3361 1672 3414 frustra
1707 3360 1813 3413 hoc
1848 3359 1969 3413 loeo
2006 3360 2284 3414 Daleeatn·

1261 3440 1385 3511 pius
1406 3442 1701 3493 censoriam
1728 3438 2054 3493 notationem
2068 3437 2285 3493 distrin-

1257 3520 1338 3591 git
1374 3520 1430 3573 in
1472 3520 1728 3574 Plinium.
1766 3520 1860 3572 Est
1888 3532 2067 3572 tamen
2092 3518 2283 3573 Galeni

1257 3600 1550 3671 καλαμᾶνθη,
1569 3597 1639 3652 de
1661 3600 1782 3652 Fac.
1794 3600 1969 3670 simpl.
1984 3598 2123 3653 med.
2141 3601 2251 3652 v11
2268 3638 2281 3664 ‚

1265 3699 1365 3745 xo,
1393 3700 1446 3752 p.
1478 3682 1587 3750 176
1620 3692 1673 3731 et
1706 3680 1833 3733 182.
1864 3678 2047 3731 Eun.

1342 3778 1369 3811 a
1382 3798 1395 3811 .
1415 3762 1634 3830 Propter.
1666 3758 1981 3813 scholiastes
1993 3757 2279 3815 Nicandri,

1256 3852 1376 3911 pag.
1431 3842 1462 3893 8
1479 3877 1494 3903 ,
1542 3838 1612 3892 de
1654 3838 1974 3892 calamintha
1997 3857 2011 3891 τ
2040 3839 2175 3897 Τινὲς
2220 3834 2279 3889 δᾶ

1259 3921 1430 3990 ἀγρίαν
1444 3920 1681 3991 γλήχωνι
1699 3919 1851 3975 αὐτὴν
1865 3924 2110 3971 καλοῦσιν.
2133 3919 2282 3987 Apu-

1260 3999 1397 4053 leius
1423 3999 1550 4052 item
1571 4036 1590 4063 .,
1618 4018 1734 4069 cap.
1764 4016 1845 4051 xc.
1866 3994 2055 4049 nnn.

1347 4080 1398 4133 3.
1416 4079 1485 4130 Iis
1505 4078 1907 4130 commanducatis
1920 4114 1935 4140 ,
1954 4086 2052 4128 etc.
2070 4076 2286 4128 Diosco-

1263 4158 1368 4211 ridi
1393 4158 1714 4211 calamintha
1737 4156 1917 4210 esitato
1942 4152 2161 4225 prodest
2179 4155 2285 4208 ele·

1947 4240 2074 4324 36⁴
