3150 5150
794 511 896 606 96
1325 513 1400 578 c.
1461 511 1803 579 PLlNll
1860 514 2075 581 NAT.
2136 491 2391 579 msT.

723 669 752 719 7
792 669 958 738 quos
983 645 1340 712 tenerrima
1373 643 1697 736 ingeritur
1734 657 1927 711 terra.
1961 632 2090 710 Sed
2126 644 2191 710 in
2222 639 2447 736 gracili
2477 639 2619 710 solo
2646 640 2923 724 frustra,

791 753 914 819 nisi
977 749 1310 818 substrato
1367 750 1735 842 pinguiore.
1792 749 1932 818 Nec
1987 750 2203 816 minus
2250 771 2450 841 quam
2496 745 2667 814 duos
2722 748 2925 840 integi

791 870 1091 951 oportet,
1139 870 1210 924 et
1263 856 1635 949 proximam
1680 856 1913 948 attingi
1954 869 2197 922 terram
2236 879 2251 920 :
2320 852 2555 922 eodem
2579 839 2631 890 ³⁷
2680 851 2927 946 paxillo

789 963 1072 1058 deprimi
1098 976 1165 1030 et
1191 963 1481 1056 spissari.
1505 963 1834 1030 Interesse
1860 962 1927 1028 in
1951 960 2279 1055 plantario
2304 958 2729 1052 sesquipedes
2758 959 2931 1026 inter

789 1053 1006 1138 bina³⁸
1045 1069 1295 1136 semina
1327 1069 1393 1136 in
1427 1066 1841 1136 latitudinem
1867 1117 1884 1152 ,
1919 1065 1988 1142 in
2028 1065 2506 1161 longitudinem
2537 1065 2843 1132 semisses
2861 1049 2929 1130 ³⁹.

789 1178 893 1243 Ita
956 1187 1132 1242 satos
1151 1161 1202 1204 ⁴⁰
1251 1172 1592 1242 malleolos
1634 1189 1875 1267 quarto
1912 1188 1979 1241 et
2017 1175 2329 1242 vicesimo
2372 1179 2599 1240 niense
2639 1169 2931 1238 recidere

792 1280 878 1350 ad
917 1281 1125 1349 imum
1162 1278 1512 1348 articulum
1531 1271 1606 1368 ⁴¹,
1651 1281 1775 1350 nisi
1814 1281 1937 1375 ipsi
1978 1293 2313 1375 parcatur.
2352 1275 2730 1346 Oculorum
2780 1275 2931 1344 inde

792 1388 1064 1456 materia
1101 1386 1371 1474 emicat,
1413 1409 1564 1454 cum
1606 1409 1738 1482 qua
1784 1400 1967 1455 sexto
2008 1409 2085 1455 ac
2129 1385 2462 1454 tricesimo
2500 1407 2731 1452 mense
2763 1383 2931 1449 vivi·

791 1493 978 1562 radix
1005 1492 1419 1562 transfertur.

725 1607 758 1658 8
899 1603 1019 1669 Est
1045 1613 1114 1667 et
1144 1597 1478 1667 luxuriosa
1521 1595 1540 1622 ²
1579 1601 1747 1668 ratio
1784 1600 1951 1668 vites
1988 1597 2280 1682 serendi,
2326 1611 2405 1665 ut
2442 1611 2735 1690 quatuor
2772 1594 2933 1662 mal·

795 1705 948 1774 leoli
991 1705 1369 1774 vehementi
1413 1703 1681 1773 vinculo
1718 1704 2114 1800 colligentur
2148 1708 2215 1772 in
2251 1718 2438 1799 parte
2460 1687 2509 1732 ⁴³
2552 1700 2931 1770 luxuriosa:

797 1825 994 1905 atque
1025 1813 1116 1880 ita
1151 1809 1254 1879 vel
1280 1834 1400 1904 per
1423 1835 1570 1880 ossa
1600 1810 1831 1880 bubuli
1868 1813 2113 1894 cruri5‚
2149 1809 2257 1879 vel
2285 1834 2407 1904 per
2432 1807 2605 1877 colla
2622 1795 2677 1838 ⁴⁴
2714 1805 2933 1875 fictilia

799 1918 1091 2012 trajecti,
1120 1915 1490 1986 obruantur
1515 1917 1688 1986 binis
1710 1917 2151 1986 eminentibus
2174 1917 2475 2012 gemmis.
2515 1917 2933 1983 Humescunt

1491 1587 1516 1630 4

878 2129 909 2182 3
919 2147 950 2199 7
958 2128 1029 2181 ‚E
1029 2127 1164 2180 odem
1170 2127 1378 2198 paxillo.
1391 2125 1513 2180 Sive
1525 2123 1819 2199 bipalioji.

881 2207 976 2262 38.
991 2209 1127 2260 Inter
1151 2205 1276 2260 bina.
1293 2208 1442 2260 Inter
1465 2207 1621 2260 binos
1638 2227 1823 2261 surcu-

798 2291 892 2342 los.
927 2287 1109 2340 Hsnn.

883 2367 978 2436 39.
1003 2365 1244 2419 semisses.
1275 2363 1599 2436 Semipedes.
1628 2367 1705 2418 Ut
1730 2365 1827 2419 La·

745 2441 750 2446 ⁴
801 2445 900 2500 tini
925 2457 1128 2498 veteres
1143 2463 1244 2515 pro
1267 2445 1470 2516 integra
1489 2464 1827 2517 quacumque

799 2545 857 2580 re
887 2543 1053 2579 assem
1089 2523 1301 2591 dixere,
1345 2525 1420 2577 sic
1461 2543 1561 2597 pro
1606 2521 1827 2579 dimidia

802 2606 1086 2659 semissem.
1126 2606 1305 2657 Hsnn.

885 2692 975 2749 40.
1006 2685 1089 2736 Ila
1119 2696 1264 2736 satos.
1290 2684 1380 2737 Sic
1403 2682 1616 2737 Colum.
1642 2684 1737 2737 lib.
1760 2683 1827 2737 de

802 2766 1000 2818 Arbor.
1024 2782 1144 2835 cap.
1175 2764 1226 2816 3.
1261 2762 1443 2817 Rutu.

886 2852 917 2908 4
933 2866 950 2897 ι
963 2882 976 2895 .
1006 2844 1278 2896 Articulum
1297 2882 1312 2906 ,
1343 2846 1438 2893 nisi
1457 2846 1553 2911 ipsi
1573 2854 1825 2913 parcatur.

803 2922 1041 2977 Nodum.
1095 2924 1270 2975 Imum
1321 2922 1607 2975 articulum
1658 2940 1825 2992 quum

802 3004 1067 3075 integrum
1089 3016 1141 3055 et
1161 3002 1378 3055 inaesum
1399 3020 1607 3054 servare
1620 3002 1826 3066 volunt,

803 3083 932 3155 quia
952 3082 1019 3135 sit
1045 3080 1109 3134 ad
1157 3082 1593 3152 germinationem
1628 3081 1828 3135 caeteris

804 3160 1116 3226 fecundior,
1143 3162 1192 3213 ei
1214 3161 1515 3232 proximum
1541 3162 1685 3215 ferro
1715 3180 1835 3214 non.

803 3242 1099 3313 attingunt,
1141 3253 1201 3293 ut
1232 3242 1276 3293 is
1306 3240 1389 3294 sui
1413 3241 1655 3313 projectu
1686 3240 1829 3313 inju-

805 3321 927 3379 rias,
945 3340 1065 3391 qua
1077 3319 1350 3373 offendere
1362 3332 1580 3393 possunt
1596 3358 1613 3385 ,
1629 3333 1827 3386 arceat,

807 3411 859 3451 et
883 3398 1132 3469 depellat.
1157 3400 1360 3454 Druse.

889 3484 981 3541 4²·
1003 3480 1102 3531 Est
1120 3490 1170 3529 et
1185 3478 1449 3531 luxuriosa.
1475 3477 1651 3543 Quam
1674 3479 1829 3531 luxu·

808 3556 886 3607 ria
901 3556 1232 3610 monstravit.
1247 3557 1436 3610 Tradit
1450 3562 1593 3610 hunc
1608 3556 1831 3611 modum

745 3689 750 3695 ,
809 3635 1135 3697 Columella,
1157 3654 1264 3705 quo
1286 3638 1414 3689 tales
1430 3655 1544 3689 uvae
1564 3650 1835 3703 creantur,

699 3719 705 3725 '
809 3716 868 3767 in
897 3715 1094 3787 quihus
1120 3715 1252 3767 varii
1299 3715 1505 3785 generis
1535 3716 1834 3788 colorisque

809 3794 1143 3865 reperiantur
1168 3793 1332 3855 acini,
1367 3794 1462 3847 lib.
1484 3793 1552 3847 de
1575 3795 1833 3848 Arborib.

811 3892 858 3925 c.
883 3894 914 3942 9
937 3894 953 3928 z
980 3900 1001 3921 ι
1021 3874 1136 3926 Hoc
1159 3885 1334 3925 autem
1350 3912 1365 3936 ,
1389 3874 1562 3945 inquit
1583 3911 1601 3936 ‚
1632 3875 1836 3929 ratione

810 3953 903 4006 tali
932 3952 1182 4005 efficitur.
1199 3952 1440 4017 Quatuor
1462 3956 1545 4005 vel
1568 3953 1834 4025 quinque,

811 4033 922 4085 sive
948 4032 1106 4086 etiam
1134 4032 1314 4104 plures
1342 4032 1510 4098 voles,
1553 4033 1727 4105 virgas
1754 4033 1834 4087 di-

813 4113 950 4166 versi
987 4115 1192 4183 generis
1225 4114 1420 4165 sumito
1439 4154 1454 4177 ‚
1482 4130 1672 4185 easque
1710 4112 1831 4166 dili-

1908 2140 2094 2198 genter
2124 2140 2177 2180 et
2201 2127 2476 2198 aequaliter
2490 2124 2821 2197 oompositas
2840 2123 2936 2176 ool-

1910 2208 2073 2278 ligsto
2095 2227 2112 2263 a
2133 2205 2329 2260 deinde
2342 2206 2399 2258 in
2430 2205 2683 2259 tubulum
2705 2203 2941 2268 fictilem,

1912 2287 1999 2340 vel
2023 2305 2221 2351 cornu,
2244 2297 2387 2339 arcte
2412 2285 2631 2338 inserite
2648 2323 2665 2350 ‚
2680 2283 2759 2336 ita
2782 2297 2845 2334 ut
2864 2284 2943 2334 ali-

1914 2378 2175 2439 quantum
2206 2378 2413 2418 exstent
2436 2365 2507 2417 ab
2526 2376 2761 2434 utraque
2788 2376 2943 2434 parte,

1916 2464 2107 2516 easque
2138 2457 2341 2516 partes,
2366 2462 2485 2514 quoe
2510 2443 2839 2506 exstabunt,
2868 2461 2943 2494 re-

1914 2525 2142 2581 solvito:
2178 2525 2235 2577 in
2260 2523 2499 2578 scrobem
2536 2521 2741 2575 deinde
2782 2522 2944 2593 impo-

1914 2607 2032 2659 nito
2048 2644 2065 2670 ‚
2094 2618 2148 2658 et
2193 2617 2335 2658 terra
2382 2614 2672 2657 stercorata
2702 2602 2947 2667 obruite,

1916 2698 1969 2738 et
2006 2686 2174 2756 rigato
2189 2723 2206 2749 ‚
2256 2682 2427 2737 donee
2480 2701 2717 2754 gemmas
2776 2696 2943 2752 agant.

1916 2764 2098 2830 Quum
2130 2765 2271 2817 inter
2296 2782 2350 2815 se
2390 2762 2553 2834 virgo
2598 2762 2947 2823 cohaeserint‚

1917 2858 2038 2915 post
2050 2843 2348 2906 biennium,
2365 2854 2455 2895 aut
2478 2842 2807 2906 triennium,
2824 2842 2946 2893 facta

1912 2925 2020 2996 jam
2050 2922 2249 2976 unitate
2264 2961 2280 2987 ,
2304 2922 2557 2975 dissolves
2580 2922 2844 2975 inbutum
2864 2940 2879 2975 z
2901 2934 2945 2973 et

1912 3003 2051 3056 circe
2084 2998 2319 3055 medium
2346 3003 2459 3055 fere
2486 3020 2641 3065 crus,
2672 3001 2775 3052 ubi
2802 3000 2945 3053 maxi·

1914 3101 2002 3135 me
2031 3081 2354 3135 videbuntur
2380 3082 2546 3135 coisse
2565 3120 2583 3146 ,
2614 3081 2792 3133 vitem
2822 3098 2949 3133 serra

1914 3159 2227 3233 preciditm
2272 3174 2327 3214 et
2355 3161 2563 3233 plagam
2594 3161 2827 3225 lavato,
2857 3171 2949 3212 ter·

1916 3260 2137 3313 remque
2176 3240 2435 3294 minutam
2477 3254 2727 3311 agger-ato
2754 3278 2775 3305 ,
2806 3240 2877 3292 ita
2898 3250 2949 3291 ut

1918 3322 2088 3373 tribus
2118 3319 2300 3391 digitis
2342 3321 2448 3373 alte
2476 3322 2693 3391 plagam
2726 3320 2949 3391 operiat.

1916 3398 1997 3452 Ex
2024 3418 2089 3453 eo
2115 3398 2331 3453 caudice
2351 3420 2517 3471 quum
2548 3400 2724 3471 egerit
2745 3398 2949 3459 caules,

1920 3482 2052 3532 duos
2076 3480 2311 3550 optimos
2346 3480 2683 3545 submittite,
2720 3480 2951 3550 reliquos

1921 3558 2138 3629 dejicito
2158 3559 2263 3614 {sie
2290 3578 2406 3612 nvo
2428 3574 2723 3613 nascentur
2738 3598 2759 3625 ,
2780 3558 2951 3631 quales

1922 3638 2313 3709 proposuimus.
2341 3664 2364 3685 ι
2403 3640 2587 3692 Hum.

2010 3720 2099 3781 43.
2126 3718 2200 3769 -Ιη
2229 3732 2375 3789 parte
2400 3718 2674 3771 lanarios«.
2720 3718 2950 3771 Maxime

1922 3798 2039 3851 loeta
2058 3837 2074 3863 ,
2103 3816 2163 3850 ac
2186 3797 2361 3852 viridi.
2394 3799 2579 3851 Hnm.

2007 3884 2100 3941 44.
2154 3878 2315 3931 Colla.
2346 3877 2435 3930 Sic
2464 3896 2529 3929 ex
2558 3877 2718 3931 MSS.
2746 3874 2951 3930 emend.

1922 3954 2087 4010 Hard.
2118 3975 2261 4009 cons.
2290 3956 2475 4011 chiffl.
2512 3956 2768 4011 Gronov.
2796 3964 2849 4009 et
2874 3956 2950 4007 Al.

1922 4048 2103 4088 coacta.
2149 4038 2255 4089 En.
2274 4068 2353 4079 —-
2376 4036 2520 4089 Colla
2536 4036 2752 4107 fictilia.
2780 4037 2951 4089 'rubos

1922 4115 2119 4168 fictiles
2146 4115 2325 4169 Huin.
