3150 5150
979 539 1290 607 LIBER
1355 537 1613 606 XVII.

221 668 616 739 animalium
659 671 930 763 injurias
957 672 1240 765 pariete,
1283 667 1388 738 vel
1419 693 1574 763 sepe
1596 721 1615 752 ‚
1644 668 1749 737 vel
1786 668 2106 738 fossarum
2134 671 2359 766 utique

217 776 566 870 impendio
601 778 839 846 muniri
885 801 954 845 se
992 790 1206 870 cogat.

323 885 414 950 In
447 881 722 996 arbusto
743 877 760 906 ¹
821 907 858 951 e
912 883 1242 976 praedictis
1284 882 1422 952 sola
1465 881 1897 950 viviradicum
1940 883 2142 969 ratic,
2197 883 2355 952 item
2392 899 2455 956 6¹

221 991 710 1106 propaginum,
751 1003 836 1058 et.
859 989 1002 1060 haec
1037 990 1340 1084 gemina,
1389 1002 1464 1057 ut
1498 988 1798 1057 diximus.
1840 987 2243 1076 Qualorum²
2286 992 2357 1058 in

224 1097 372 1211 ipso
407 1093 706 1164 tabulato
751 1097 1038 1165 maxime
1078 1095 1400 1190 probata,
1457 1095 1767 1189 quoniam
1810 1118 1848 1162 a
1887 1119 2128 1188 pecore
2168 1097 2355 1164 tutis-

223 1202 394 1270 sima
427 1215 544 1270 est.
573 1187 862 1282 Altera³‚
889 1200 1140 1270 deflexa
1171 1203 1341 1286 vite,
1361 1200 1466 1268 vel
1503 1199 1773 1338 palmite
1802 1201 1989 1294 juxta
2032 1224 2219 1270 suam
2253 1225 2354 1269 ar·

225 1306 500 1393 horem,
523 1322 640 1376 aut
674 1309 848 1377 circa
871 1309 1242 1401 proximam
1271 1293 1635 1377 coelibem&
1658 1307 1860 1396 Quod
1883 1331 2083 1402 supra
2110 1321 2351 1378 terram

223 1426 323 1481 est
367 1437 410 1482 e
451 1427 701 1497 matre,
743 1413 884 1482 radi
913 1413 1206 1506 jubetur,
1233 1437 1316 1481 ne
1354 1413 1640 1482 fruticet.
1682 1413 1763 1480 In
1805 1426 1980 1482 terra
2016 1438 2152 1482 non
2187 1437 2355 1507 pau-

225 1521 442 1588 cioroe
467 1543 746 1613 gemmae
773 1533 1061 1613 quatuor
1087 1519 1464 1589 obruuntur
1492 1517 1579 1586 ad
1612 1517 1905 1587 radicem
1932 1518 2351 1613 capiendam:

225 1640 416 1694 extra
449 1626 519 1694 in
552 1628 767 1720 capite
809 1625 981 1694 hinae
1017 1626 1494 1720 relinquuntur.
1538 1609 1757 1693 Vitis⁵
1790 1625 1857 1693 in
1898 1626 2169 1694 arbusto
2204 1649 2359 1719 qua·

227 1745 384 1800 tuor
414 1731 656 1826 pedes
641 1757 708 1800 ιιι
727 1731 928 1826 longo
947 1746 1236 1816 constat,
1264 1733 1444 1801 omni
1469 1729 1655 1799 sulco
1682 1743 1815 1798 tres
1829 1729 2010 1818 lato,
2029 1729 2163 1800 alto
2190 1731 2355 1800 duos

223 1861 380 1905 cum
419 1838 770 1933 semipede.
808 1841 969 1907 Post
993 1863 1242 1908 annum
1286 1861 1587 1955 propago
1626 1836 1937 1906 inciditur
1979 1837 2065 1907 ad
2108 1835 2358 1932 medul-

223 1942 392 2026 lam,
413 1958 489 2013 ut
522 1943 876 2040 paulatim
865 1944 1198 2014 radicibus
1233 1945 1364 2014 suis
1397 1957 1775 2012 assuescat:
1804 1928 2047 2012 caulis⁶
2074 1967 2114 2011 a
2140 1945 2356 2038 capite

225 2049 300 2117 ad
337 2050 512 2119 duas
547 2075 870 2144 gemmas
885 2051 1235 2120 reciditur·
1266 2051 1464 2118 tertio
1507 2062 1687 2118 totus
1730 2071 1995 2143 mergus
2032 2049 2356 2119 abscindi·

224 2170 352 2238 tur,
402 2159 876 2251 reponiturque
903 2155 1095 2226 altius
1123 2159 1192 2225 in
1219 2171 1463 2226 terram
1491 2207 1510 2240 ‚
1554 2179 1641 2223 ne
1680 2181 1761 2222 ex
1787 2157 1997 2225 reciso
2033 2155 2353 2225 frondeat.

223 2260 396 2330 Tolli
435 2262 756 2331 viviradix
801 2287 840 2332 a
889 2262 1216 2332 vindemia
1255 2263 1558 2356 protinus
1602 2260 1815 2330 debet.

2218 561 2349 606 121

303 2451 356 2484 ι.
391 2434 452 2485 In
476 2431 692 2486 arbusto.
728 2434 897 2499 Vitis,
922 2435 1099 2506 inquit
1121 2473 1138 2500 ,
1186 2435 1246 2486 in
1338 2432 1508 2504 spatio
1525 2465 1540 2494 ,
1561 2447 1882 2486 sarmentum
1899 2468 1916 2497 ,
1946 2430 2096 2505 quod
2122 2433 2357 2487 clausum

221 2513 442 2565 arbusto
461 2552 477 2577 ‚
509 2510 798 2566 viviradice
819 2527 1022 2567 tantum
1045 2528 1099 2568 et
1125 2533 1249 2585 pro-
1335 2525 1438 2578 est,
1459 2510 1665 2565 radices
1680 2513 1879 2566 creabit
1890 2513 2031 2566 intra
2052 2511 2357 2584 predictam

223 2594 416 2663 pagine
475 2594 670 2647 seritur
692 2631 709 2658 ,
777 2596 1070 2665 propagine
1125 2596 1246 2666 qui·

223 2670 339 2723 d-
370 2673 623 2743 gemina,
667 2690 826 2745 quam
855 2692 972 2745 cap.
1015 2694 1040 2727 2
1082 2675 1248 2746 expli·

222 2751 444 2805 cuimus.
473 2750 659 2806 Ham).

295 2853 348 2884 a.
385 2832 676 2901 Oculorum·
705 2832 1049 2903 subintellige
1063 2872 1080 2897 ‚
1105 2834 1243 2887 ratio

221 2910 380 2963 vitem
403 2909 736 2983 propagandi
766 2930 863 2983 per
900 2912 1085 2983 qualos
1120 2933 1242 2984 per-

221 3002 392 3055 tusos,
441 2992 702 3061 explicata
737 3010 766 3045 a
805 2993 960 3045 nobis
997 3011 1113 3063 cap.
1148 3010 1238 3046 αι.

221 3070 366 3123 Hanc
389 3072 654 3125 rationem
681 3071 886 3142 optime
909 3070 1174 3125 Palladius
1201 3074 1238 3126 1.

219 3168 263 3201 c.
283 3148 543 3203 describit
563 3171 580 3202 ι
602 3173 624 3195 κ
647 3152 742 3204 Est
759 3164 811 3205 et
832 3150 1008 3215 aliud,
1042 3152 1242 3223 inquit,

219 3227 284 3281 de
331 3230 700 3284 mnsferenda
756 3250 818 3284 ex
868 3232 1082 3283 arbusto
1131 3231 1241 3286 vite

217 3308 624 3379 compendium.
647 3310 733 3363 Fit
755 3328 819 3363 ex
853 3311 1053 3364 vimine
1076 3330 1240 3382 parva

217 3388 486 3441 corbicula
510 3429 527 3443 .
542 3427 556 3439 .
571 3429 588 3443 .
610 3388 734 3442 Hac
758 3388 826 3444 ad
847 3390 1091 3443 arborem
1108 3430 1122 3453 ‚
1151 3392 1239 3443 cui

219 3468 332 3521 vitis
359 3468 611 3531 inhaeret,
649 3470 818 3523 fertur
851 3488 864 3522 :
899 3483 954 3522 et
981 3470 1038 3522 in
1085 3470 1239 3523 fundi

217 3547 379 3599 media
409 3561 562 3617 parte
591 3547 959 3619 pertunditur,
994 3569 1106 3622 quo
1129 3568 1238 3603 sar-

217 3628 378 3679 menti
399 3627 604 3698 virgam
630 3630 797 3699 possit
820 3626 1118 3683 admittere.
1147 3632 1237 3682 In·

215 3704 374 3759 ducto
401 3706 586 3780 itaque
626 3721 894 3761 sarmento
939 3710 1060 3762 vitis
1089 3712 1200 3781 ejus
1221 3749 1238 3775 ‚

215 3784 278 3837 de
311 3805 418 3859 qua
444 3787 732 3841 transferre
758 3786 1026 3859 disponis,
1058 3790 1236 3841 corbi·

217 3866 330 3917 cula
375 3866 486 3937 ipsa
527 3885 590 3919 ex
637 3868 814 3939 aliqua
856 3869 1060 3921 arboris
1083 3882 1238 3941 perte

215 3944 575 4015 suspenditur,
597 3960 652 4000 et
677 3949 795 4000 viva
814 3961 954 4001 terra
976 3949 1235 4021 repletur,

217 4036 270 4076 ut
299 4039 626 4078 sarmentum
648 4039 785 4081 terra
813 4028 972 4099 possit
996 4026 1198 4082 includi
1219 4066 1236 4092 ,

216 4103 358 4173 quod
401 4119 722 4158 sarmentum
784 4108 937 4179 prius
971 4108 1242 4181 intorque-

218 4194 317 4235 tur.
366 4186 446 4237 Ita
463 4224 478 4249 ,
524 4197 708 4239 exacto
761 4189 926 4241 annui
989 4188 1240 4259 temporis

1333 2593 1675 2647 corbiculam.
1700 2594 1857 2647 Tunc
1880 2594 1981 2647 sub
2023 2592 2195 2646 fundo
2237 2612 2359 2647 eor-

1332 2672 1416 2726 bis
1444 2672 1675 2726 incisum
1708 2671 2003 2727 radicatum
2028 2684 2356 2727 sarmentum

1334 2771 1460 2805 cum
1487 2752 1601 2824 ipsa
1630 2753 1794 2805 corbe
1823 2752 2125 2823 portabitur
2163 2751 2233 2805 ad
2274 2753 2358 2806 lo-

1332 2850 1488 2894 cum,
1514 2850 1676 2904 quem
1714 2833 1913 2885 vitibus
1953 2831 2235 2885 arbustivis
2260 2829 2357 2885 de·

1331 2911 1548 2965 stinabis
1584 2912 1834 2982 implere.
1880 2911 2061 2983 ibique
2098 2912 2357 2965 obruetur

1333 2991 1470 3044 circa
1479 2990 1687 3044 arboris
1703 2989 2008 3045 maritandae
2020 2989 2238 3045 radices.
2252 3018 2273 3038 ι·
2283 2992 2353 3044 Η.

1413 3070 1462 3122 3.
1499 3070 1696 3122 Altera.
1735 3070 1920 3123 Altera
1954 3069 2190 3124 serendae
2230 3070 2355 3125 vitis

1327 3149 1613 3203 arbustive
1633 3150 1794 3203 ratio.
1824 3148 2008 3203 llum.

1413 3235 1464 3291 4.
1503 3228 1744 3281 Coelibem.
1796 3229 1903 3282 Cui
1952 3227 2193 3282 maritata
2234 3229 2354 3283 vitis

1328 3307 1478 3360 nulla
1509 3308 1595 3360 sit.
1624 3308 1861 3361 Viduam
1893 3308 2033 3361 infra
2058 3322 2229 3361 vocat.
2281 3310 2351 3363 H.

1413 3388 1465 3441 5.
1516 3388 1573 3437 V
1567 3390 1648 3439 ἱεὶς
1694 3393 1745 3441 in
1792 3388 2003 3440 arbusto.
2034 3388 2148 3441 Viti
2177 3390 2235 3441 in
2267 3408 2354 3441 ar·

1326 3466 1484 3518 busto
1521 3466 1758 3520 serenda:
1792 3468 1968 3520 sulcus
2016 3482 2264 3539 paratur,
2292 3470 2351 3521 iu

1326 3558 1555 3618 quatuor
1591 3545 2003 3618 pedes'longns,
2036 3548 2092 3599 in
2132 3560 2239 3601 tres
2280 3550 2353 3601 al-

1327 3637 1446 3690 tus,
1501 3626 1556 3678 in
1607 3624 1949 3699 dupondium
1990 3639 2042 3681 et
2084 3628 2348 3681 semissem

1327 3704 1493 3771 latus,
1541 3706 1715 3777 inquit
1758 3706 1968 3760 Colum.
1998 3707 2096 3761 lib.
2123 3706 2191 3760 de
2216 3708 2347 3761 Arb.

1326 3803 1441 3857 cap.
1470 3790 1538 3839 16
1557 3824 1574 3849 ‚
1600 3804 1665 3839 ex
1696 3806 1805 3858 quo
1824 3786 2169 3857 corrigendus
2189 3786 2349 3841 Plinii

1325 3864 1473 3918 locus
1488 3864 1722 3931 videtur,
1746 3884 1806 3920 ac
1830 3865 2197 3938 permutandae
2217 3866 2350 3919 invi-

1324 3964 1439 3997 cem
1465 3944 1764 3999 latitudinis
1792 3945 2189 4017 altitudinisque
2206 3964 2351 3998 men·

1329 4025 1617 4079 summisi
1640 4025 1844 4079 diversa
1869 4025 1983 4079 caeli
2005 4044 2065 4079 ac
2086 4024 2187 4077 soli
2208 4026 2346 4078 ratio

1329 4106 1599 4159 habeatur.
1632 4104 1814 4158 Hau).

1410 4188 1463 4238 6.
1498 4184 1683 4239 Cantas.
1710 4186 1931 4239 Palmes.
1964 4180 2142 4235 Haut).
