<?xml version="1.0" encoding="UTF-8"?>
<!DOCTYPE html PUBLIC "-//W3C//DTD XHTML 1.0 Transitional//EN"
    "http://www.w3.org/TR/xhtml1/DTD/xhtml1-transitional.dtd">
<html xmlns="http://www.w3.org/1999/xhtml" xml:lang="en" lang="en">
 <head>
  <title>
</title>
<meta http-equiv="Content-Type" content="text/html;charset=utf-8" />
  <meta name='ocr-system' content='tesseract 3.04.00' />
  <meta name='ocr-capabilities' content='ocr_page ocr_carea ocr_par ocr_line ocrx_word'/>
</head>
<body>
  <div class='ocr_page' id='page_1' title='image "./caiipliniisecun01hardgoog_0038.png"; bbox 0 0 3150 5150; ppageno 0'>
   <div class='ocr_carea' id='block_1_1' title="bbox 601 901 623 935">
    <p class='ocr_par' dir='ltr' id='par_1_1' title="bbox 601 901 623 935">
     <span class='ocr_line' id='line_1_1' title="bbox 601 901 623 935; baseline 0 0"><span class='ocrx_word' id='word_1_1' title='bbox 601 901 623 935; x_wconf 88' lang='lat'>1</span> 
     </span>
    </p>
   </div>
   <div class='ocr_carea' id='block_1_2' title="bbox 673 544 2273 617">
    <p class='ocr_par' dir='ltr' id='par_1_2' title="bbox 673 544 2273 617">
     <span class='ocr_line' id='line_1_2' title="bbox 673 544 2273 617; baseline -0.003 -3"><span class='ocrx_word' id='word_1_2' title='bbox 673 546 770 614; x_wconf 78' lang='lat'><strong>28</strong></span> <span class='ocrx_word' id='word_1_3' title='bbox 1205 545 1680 617; x_wconf 87' lang='lat' dir='ltr'>C.PL1N11</span> <span class='ocrx_word' id='word_1_4' title='bbox 1736 545 1956 614; x_wconf 73' lang='lat' dir='ltr'>NAT.</span> <span class='ocrx_word' id='word_1_5' title='bbox 2014 544 2273 613; x_wconf 92' lang='lat' dir='ltr'><strong>HIST.</strong></span> 
     </span>
    </p>
   </div>
   <div class='ocr_carea' id='block_1_3' title="bbox 661 660 2800 2046">
    <p class='ocr_par' dir='ltr' id='par_1_3' title="bbox 667 660 2800 854">
     <span class='ocr_line' id='line_1_3' title="bbox 669 660 2800 789; baseline 0.002 -47"><span class='ocrx_word' id='word_1_6' title='bbox 669 675 946 747; x_wconf 75' lang='lat' dir='ltr'><strong>humido</strong></span> <span class='ocrx_word' id='word_1_7' title='bbox 966 676 1219 765; x_wconf 84' lang='lat' dir='ltr'><strong>mehor,</strong></span> <span class='ocrx_word' id='word_1_8' title='bbox 1244 678 1429 748; x_wconf 80' lang='lat' dir='ltr'><strong>arido</strong></span> <span class='ocrx_word' id='word_1_9' title='bbox 1453 679 1731 774; x_wconf 85' lang='lat' dir='ltr'><strong>pinguis.</strong></span> <span class='ocrx_word' id='word_1_10' title='bbox 1758 660 2208 770; x_wconf 85' lang='lat' dir='ltr'><strong>&#39;lemperato²⁸</strong></span> <span class='ocrx_word' id='word_1_11' title='bbox 2236 673 2589 789; x_wconf 74' lang='lat' dir='ltr'><strong>alterutra,</strong></span> <span class='ocrx_word' id='word_1_12' title='bbox 2616 691 2800 746; x_wconf 87' lang='lat' dir='ltr'><strong>creta</strong></span> 
     </span>
     <span class='ocr_line' id='line_1_4' title="bbox 667 781 1566 868; baseline 0.008 -21"><span class='ocrx_word' id='word_1_13' title='bbox 667 781 770 849; x_wconf 84' lang='lat' dir='ltr'><strong>vel</strong></span> <span class='ocrx_word' id='word_1_14' title='bbox 793 781 1206 868; x_wconf 83' lang='lat' dir='ltr'><strong>columbina,</strong></span> <span class='ocrx_word' id='word_1_15' title='bbox 1237 787 1566 854; x_wconf 87' lang='lat' dir='ltr'><strong>convenit.</strong></span> 
     </span>
    </p>

    <p class='ocr_par' dir='ltr' id='par_1_4' title="bbox 661 881 2800 1832">
     <span class='ocr_line' id='line_1_5' title="bbox 777 881 2800 986; baseline 0 -29"><span class='ocrx_word' id='word_1_16' title='bbox 777 891 855 956; x_wconf 88' lang='lat' dir='ltr'><strong>V.</strong></span> <span class='ocrx_word' id='word_1_17' title='bbox 919 881 1082 977; x_wconf 75' lang='lat' dir='ltr'><strong>(rx.)</strong></span> <span class='ocrx_word' id='word_1_18' title='bbox 1137 890 1623 986; x_wconf 84' lang='lat' dir='ltr'><strong>Transpadanis</strong></span> <span class='ocrx_word' id='word_1_19' title='bbox 1666 885 1937 960; x_wconf 81' lang='lat' dir='ltr'><strong>cineris⁸</strong></span> <span class='ocrx_word' id='word_1_20' title='bbox 1993 906 2151 956; x_wconf 89' lang='lat' dir='ltr'><strong>usus</strong></span> <span class='ocrx_word' id='word_1_21' title='bbox 2194 886 2363 956; x_wconf 83' lang='lat' dir='ltr'><strong>adeo</strong></span> <span class='ocrx_word' id='word_1_22' title='bbox 2412 885 2663 982; x_wconf 88' lang='lat' dir='ltr'><strong>placet,</strong></span> <span class='ocrx_word' id='word_1_23' title='bbox 2722 903 2800 958; x_wconf 92' lang='lat' dir='ltr'><strong>ut</strong></span> 
     </span>
     <span class='ocr_line' id='line_1_6' title="bbox 663 991 2797 1089; baseline 0 -28"><span class='ocrx_word' id='word_1_24' title='bbox 663 1007 1072 1089; x_wconf 79' lang='lat' dir='ltr'><strong>anteponant</strong></span> <span class='ocrx_word' id='word_1_25' title='bbox 1097 994 1256 1066; x_wconf 83' lang='lat' dir='ltr'><strong>fimo</strong></span> <span class='ocrx_word' id='word_1_26' title='bbox 1289 996 1744 1089; x_wconf 83' lang='lat' dir='ltr'><strong>jumentorum</strong></span> <span class='ocrx_word' id='word_1_27' title='bbox 1777 1019 1791 1063; x_wconf 92' lang='lat'>:</span> <span class='ocrx_word' id='word_1_28' title='bbox 1829 993 2009 1088; x_wconf 89' lang='lat' dir='ltr'><strong>quod</strong></span> <span class='ocrx_word' id='word_1_29' title='bbox 2037 994 2189 1087; x_wconf 87' lang='lat' dir='ltr'><strong>quia</strong></span> <span class='ocrx_word' id='word_1_30' title='bbox 2224 991 2623 1063; x_wconf 86' lang='lat' dir='ltr'><strong>levissimum</strong></span> <span class='ocrx_word' id='word_1_31' title='bbox 2652 1007 2797 1078; x_wconf 89' lang='lat' dir='ltr'><strong>est,</strong></span> 
     </span>
     <span class='ocr_line' id='line_1_7' title="bbox 663 1100 2791 1221; baseline 0 -53"><span class='ocrx_word' id='word_1_32' title='bbox 663 1100 752 1168; x_wconf 94' lang='lat' dir='ltr'><strong>ob</strong></span> <span class='ocrx_word' id='word_1_33' title='bbox 794 1101 863 1168; x_wconf 87' lang='lat' dir='ltr'><strong>id</strong></span> <span class='ocrx_word' id='word_1_34' title='bbox 903 1115 1205 1171; x_wconf 82' lang='lat' dir='ltr'><strong>exurunt.</strong></span> <span class='ocrx_word' id='word_1_35' title='bbox 1250 1105 1554 1221; x_wconf 63' lang='lat' dir='ltr'><strong>Utroque</strong></span> <span class='ocrx_word' id='word_1_36' title='bbox 1608 1117 1832 1171; x_wconf 87' lang='lat' dir='ltr'><strong>tamen</strong></span> <span class='ocrx_word' id='word_1_37' title='bbox 1881 1101 2128 1194; x_wconf 83' lang='lat' dir='ltr'><strong>pariter</strong></span> <span class='ocrx_word' id='word_1_38' title='bbox 2177 1123 2313 1169; x_wconf 86' lang='lat' dir='ltr'><strong>non</strong></span> <span class='ocrx_word' id='word_1_39' title='bbox 2370 1113 2651 1180; x_wconf 81' lang='lat' dir='ltr'><strong>utuntur</strong></span> <span class='ocrx_word' id='word_1_40' title='bbox 2718 1101 2791 1168; x_wconf 89' lang='lat' dir='ltr'><strong>in</strong></span> 
     </span>
     <span class='ocr_line' id='line_1_8' title="bbox 662 1205 2795 1300; baseline 0 -25"><span class='ocrx_word' id='word_1_41' title='bbox 662 1205 895 1276; x_wconf 88' lang='lat' dir='ltr'><strong>eodem</strong></span> <span class='ocrx_word' id='word_1_42' title='bbox 925 1231 1120 1295; x_wconf 87' lang='lat' dir='ltr'><strong>arvo,</strong></span> <span class='ocrx_word' id='word_1_43' title='bbox 1151 1233 1276 1278; x_wconf 89' lang='lat' dir='ltr'><strong>nec</strong></span> <span class='ocrx_word' id='word_1_44' title='bbox 1302 1210 1370 1278; x_wconf 90' lang='lat' dir='ltr'><strong>in</strong></span> <span class='ocrx_word' id='word_1_45' title='bbox 1401 1209 1688 1278; x_wconf 80' lang='lat' dir='ltr'><strong>arbustis</strong></span> <span class='ocrx_word' id='word_1_46' title='bbox 1723 1209 1981 1288; x_wconf 84' lang='lat' dir='ltr'><strong>cinere,</strong></span> <span class='ocrx_word' id='word_1_47' title='bbox 2018 1229 2141 1274; x_wconf 86' lang='lat' dir='ltr'><strong>nec</strong></span> <span class='ocrx_word' id='word_1_48' title='bbox 2173 1205 2489 1300; x_wconf 89' lang='lat' dir='ltr'><strong>quasdam</strong></span> <span class='ocrx_word' id='word_1_49' title='bbox 2520 1205 2605 1274; x_wconf 89' lang='lat' dir='ltr'><strong>ad</strong></span> <span class='ocrx_word' id='word_1_50' title='bbox 2647 1205 2795 1275; x_wconf 86' lang='lat' dir='ltr'><strong>fru-</strong></span> 
     </span>
     <span class='ocr_line' id='line_1_9' title="bbox 664 1297 2785 1433; baseline 0 -53"><span class='ocrx_word' id='word_1_51' title='bbox 664 1336 806 1406; x_wconf 73' lang='lat' dir='ltr'><strong>ge8‚</strong></span> <span class='ocrx_word' id='word_1_52' title='bbox 831 1326 909 1383; x_wconf 89' lang='lat' dir='ltr'><strong>ut</strong></span> <span class='ocrx_word' id='word_1_53' title='bbox 945 1312 1290 1383; x_wconf 83' lang='lat' dir='ltr'><strong>diximus.</strong></span> <span class='ocrx_word' id='word_1_54' title='bbox 1321 1317 1490 1384; x_wconf 87' lang='lat' dir='ltr'><strong>Sunt</strong></span> <span class='ocrx_word' id='word_1_55' title='bbox 1525 1316 1640 1409; x_wconf 87' lang='lat' dir='ltr'><strong>qui</strong></span> <span class='ocrx_word' id='word_1_56' title='bbox 1677 1297 1986 1408; x_wconf 80' lang='lat' dir='ltr'><strong>pulvere³</strong></span> <span class='ocrx_word' id='word_1_57' title='bbox 2030 1335 2313 1433; x_wconf 84' lang='lat' dir='ltr'><strong>quoque</strong></span> <span class='ocrx_word' id='word_1_58' title='bbox 2341 1335 2502 1381; x_wconf 87' lang='lat' dir='ltr'><strong>uvas</strong></span> <span class='ocrx_word' id='word_1_59' title='bbox 2545 1310 2688 1381; x_wconf 90' lang='lat' dir='ltr'><strong>ali</strong></span> <span class='ocrx_word' id='word_1_60' title='bbox 2664 1337 2785 1404; x_wconf 85' lang='lat' dir='ltr'><strong>Ju-</strong></span> 
     </span>
     <span class='ocr_line' id='line_1_10' title="bbox 663 1409 2791 1516; baseline 0 -30"><span class='ocrx_word' id='word_1_61' title='bbox 663 1417 885 1487; x_wconf 87' lang='lat' dir='ltr'><strong>dicent</strong></span> <span class='ocrx_word' id='word_1_62' title='bbox 903 1419 1520 1516; x_wconf 88' lang='lat' dir='ltr'><strong>,pubescentesque</strong></span> <span class='ocrx_word' id='word_1_63' title='bbox 1558 1419 1934 1516; x_wconf 86' lang='lat' dir='ltr'><strong>pulverent,</strong></span> <span class='ocrx_word' id='word_1_64' title='bbox 1972 1432 2041 1486; x_wconf 88' lang='lat' dir='ltr'><strong>et</strong></span> <span class='ocrx_word' id='word_1_65' title='bbox 2068 1409 2313 1486; x_wconf 87' lang='lat' dir='ltr'><strong>vitium</strong></span> <span class='ocrx_word' id='word_1_66' title='bbox 2336 1419 2791 1512; x_wconf 87' lang='lat' dir='ltr'><strong>arborumque</strong></span> 
     </span>
     <span class='ocr_line' id='line_1_11' title="bbox 663 1523 2792 1621; baseline 0 -30"><span class='ocrx_word' id='word_1_67' title='bbox 663 1523 994 1595; x_wconf 83' lang='lat' dir='ltr'><strong>radicibus</strong></span> <span class='ocrx_word' id='word_1_68' title='bbox 1029 1542 1401 1621; x_wconf 83' lang='lat' dir='ltr'><strong>aspergant.</strong></span> <span class='ocrx_word' id='word_1_69' title='bbox 1447 1527 1652 1617; x_wconf 92' lang='lat' dir='ltr'><strong>Quod</strong></span> <span class='ocrx_word' id='word_1_70' title='bbox 1698 1540 1955 1596; x_wconf 86' lang='lat' dir='ltr'><strong>certum</strong></span> <span class='ocrx_word' id='word_1_71' title='bbox 2004 1538 2103 1594; x_wconf 88' lang='lat' dir='ltr'><strong>est</strong></span> <span class='ocrx_word' id='word_1_72' title='bbox 2150 1523 2567 1594; x_wconf 81' lang='lat' dir='ltr'><strong>Narbonensi</strong></span> <span class='ocrx_word' id='word_1_73' title='bbox 2625 1549 2792 1618; x_wconf 90' lang='lat' dir='ltr'><strong>pro-</strong></span> 
     </span>
     <span class='ocr_line' id='line_1_12' title="bbox 661 1628 2793 1729; baseline 0.002 -35"><span class='ocrx_word' id='word_1_74' title='bbox 661 1631 930 1729; x_wconf 81' lang='lat' dir='ltr'><strong>vinciae,</strong></span> <span class='ocrx_word' id='word_1_75' title='bbox 965 1646 1030 1701; x_wconf 89' lang='lat' dir='ltr'><strong>et</strong></span> <span class='ocrx_word' id='word_1_76' title='bbox 1067 1631 1430 1703; x_wconf 86' lang='lat' dir='ltr'><strong>vindemias</strong></span> <span class='ocrx_word' id='word_1_77' title='bbox 1453 1635 1697 1704; x_wconf 88' lang='lat' dir='ltr'><strong>certius</strong></span> <span class='ocrx_word' id='word_1_78' title='bbox 1720 1635 1813 1702; x_wconf 89' lang='lat' dir='ltr'><strong>sic</strong></span> <span class='ocrx_word' id='word_1_79' title='bbox 1844 1655 1925 1701; x_wconf 89' lang='lat' dir='ltr'><strong>eo</strong></span> <span class='ocrx_word' id='word_1_80' title='bbox 1952 1631 2176 1725; x_wconf 87' lang='lat' dir='ltr'><strong>coqui,</strong></span> <span class='ocrx_word' id='word_1_81' title='bbox 2210 1631 2365 1724; x_wconf 83' lang='lat' dir='ltr'><strong>quia</strong></span> <span class='ocrx_word' id='word_1_82' title='bbox 2396 1628 2544 1724; x_wconf 90' lang='lat' dir='ltr'><strong>plus</strong></span> <span class='ocrx_word' id='word_1_83' title='bbox 2572 1630 2793 1724; x_wconf 81' lang='lat' dir='ltr'><strong>pulvis</strong></span> 
     </span>
     <span class='ocr_line' id='line_1_13' title="bbox 661 1735 1523 1832; baseline 0.004 -28"><span class='ocrx_word' id='word_1_84' title='bbox 661 1735 785 1823; x_wconf 89' lang='lat' dir='ltr'><strong>ibi,</strong></span> <span class='ocrx_word' id='word_1_85' title='bbox 823 1761 1022 1832; x_wconf 89' lang='lat' dir='ltr'><strong>quam</strong></span> <span class='ocrx_word' id='word_1_86' title='bbox 1063 1736 1201 1823; x_wconf 87' lang='lat' dir='ltr'><strong>sol,</strong></span> <span class='ocrx_word' id='word_1_87' title='bbox 1244 1739 1523 1808; x_wconf 84' lang='lat' dir='ltr'><strong>confert.</strong></span> 
     </span>
    </p>

    <p class='ocr_par' dir='ltr' id='par_1_5' title="bbox 664 1841 2795 2046">
     <span class='ocr_line' id='line_1_14' title="bbox 770 1841 2793 1938; baseline -0.001 -27"><span class='ocrx_word' id='word_1_88' title='bbox 770 1846 892 1912; x_wconf 89' lang='lat' dir='ltr'><strong>VI.</strong></span> <span class='ocrx_word' id='word_1_89' title='bbox 927 1845 1091 1912; x_wconf 89' lang='lat' dir='ltr'><strong>Fimi</strong></span> <span class='ocrx_word' id='word_1_90' title='bbox 1117 1842 1339 1938; x_wconf 86' lang='lat' dir='ltr'><strong>plures</strong></span> <span class='ocrx_word' id='word_1_91' title='bbox 1361 1844 1796 1913; x_wconf 69' lang='lat' dir='ltr'><strong>differentiae:</strong></span> <span class='ocrx_word' id='word_1_92' title='bbox 1826 1843 1967 1938; x_wconf 88' lang='lat' dir='ltr'><strong>ipsa</strong></span> <span class='ocrx_word' id='word_1_93' title='bbox 1996 1867 2101 1911; x_wconf 86' lang='lat' dir='ltr'><strong>res</strong></span> <span class='ocrx_word' id='word_1_94' title='bbox 2128 1842 2583 1936; x_wconf 85' lang='lat' dir='ltr'><strong>antiqua.Jam</strong></span> <span class='ocrx_word' id='word_1_95' title='bbox 2614 1841 2793 1936; x_wconf 87' lang='lat' dir='ltr'><strong>apud</strong></span> 
     </span>
     <span class='ocr_line' id='line_1_15' title="bbox 664 1945 2795 2046; baseline -0.001 -29"><span class='ocrx_word' id='word_1_96' title='bbox 664 1948 1064 2020; x_wconf 85' lang='lat' dir='ltr'><strong>Homerum¹</strong></span> <span class='ocrx_word' id='word_1_97' title='bbox 1109 1950 1326 2044; x_wconf 86' lang='lat' dir='ltr'><strong>regius</strong></span> <span class='ocrx_word' id='word_1_98' title='bbox 1361 1975 1562 2020; x_wconf 82' lang='lat' dir='ltr'><strong>senex</strong></span> <span class='ocrx_word' id='word_1_99' title='bbox 1603 1974 1840 2046; x_wconf 84' lang='lat' dir='ltr'><strong>agrum</strong></span> <span class='ocrx_word' id='word_1_100' title='bbox 1880 1949 1967 2018; x_wconf 86' lang='lat' dir='ltr'><strong>ita</strong></span> <span class='ocrx_word' id='word_1_101' title='bbox 2006 1949 2139 2017; x_wconf 88' lang='lat' dir='ltr'><strong>suis</strong></span> <span class='ocrx_word' id='word_1_102' title='bbox 2191 1946 2532 2018; x_wconf 86' lang='lat' dir='ltr'><strong>manibus²</strong></span> <span class='ocrx_word' id='word_1_103' title='bbox 2580 1945 2795 2016; x_wconf 75' lang='lat' dir='ltr'><strong>laetifi-</strong></span> 
     </span>
    </p>
   </div>
   <div class='ocr_carea' id='block_1_4' title="bbox 749 2168 2795 2245">
    <p class='ocr_par' dir='ltr' id='par_1_6' title="bbox 749 2168 2795 2245">
     <span class='ocr_line' id='line_1_16' title="bbox 749 2168 2795 2245; baseline -0.002 -19"><span class='ocrx_word' id='word_1_104' title='bbox 749 2175 840 2227; x_wconf 86' lang='grc'><strong>38.</strong></span> <span class='ocrx_word' id='word_1_105' title='bbox 872 2175 1169 2245; x_wconf 73' lang='lat' dir='ltr'><strong>Temperare.</strong></span> <span class='ocrx_word' id='word_1_106' title='bbox 1192 2174 1282 2227; x_wconf 87' lang='lat' dir='ltr'><strong>Sic</strong></span> <span class='ocrx_word' id='word_1_107' title='bbox 1308 2192 1372 2228; x_wconf 87' lang='lat' dir='ltr'><strong>ex</strong></span> <span class='ocrx_word' id='word_1_108' title='bbox 1405 2173 1560 2228; x_wconf 80' lang='lat' dir='ltr'><strong>MSS.</strong></span> <span class='ocrx_word' id='word_1_109' title='bbox 1580 2193 1683 2228; x_wconf 89' lang='lat' dir='ltr'><strong>em.</strong></span> <span class='ocrx_word' id='word_1_110' title='bbox 1772 2189 1951 2226; x_wconf 86' lang='lat' dir='ltr'><strong>merus</strong></span> <span class='ocrx_word' id='word_1_111' title='bbox 1979 2203 2051 2225; x_wconf 79' lang='lat'><strong>.·.</strong></span> <span class='ocrx_word' id='word_1_112' title='bbox 2074 2170 2317 2225; x_wconf 83' lang='lat' dir='ltr'><strong>Laertem</strong></span> <span class='ocrx_word' id='word_1_113' title='bbox 2343 2171 2631 2224; x_wconf 86' lang='lat' dir='ltr'><strong>lenientem</strong></span> <span class='ocrx_word' id='word_1_114' title='bbox 2654 2168 2795 2224; x_wconf 83' lang='lat' dir='ltr'><strong>desi-</strong></span> 
     </span>
    </p>
   </div>
   <div class='ocr_carea' id='block_1_5' title="bbox 663 2251 1688 4154">
    <p class='ocr_par' dir='ltr' id='par_1_7' title="bbox 669 2251 1687 2385">
     <span class='ocr_line' id='line_1_17' title="bbox 669 2251 1687 2325; baseline 0.002 -21"><span class='ocrx_word' id='word_1_115' title='bbox 669 2251 836 2306; x_wconf 77' lang='lat' dir='ltr'><strong>nard.</strong></span> <span class='ocrx_word' id='word_1_116' title='bbox 870 2272 1015 2307; x_wconf 82' lang='lat' dir='ltr'><strong>cons.</strong></span> <span class='ocrx_word' id='word_1_117' title='bbox 1047 2253 1162 2306; x_wconf 82' lang='lat' dir='ltr'><strong>MS.</strong></span> <span class='ocrx_word' id='word_1_118' title='bbox 1199 2253 1298 2306; x_wconf 89' lang='lat' dir='ltr'><strong>Gr.</strong></span> <span class='ocrx_word' id='word_1_119' title='bbox 1330 2265 1382 2307; x_wconf 88' lang='lat' dir='ltr'><strong>et</strong></span> <span class='ocrx_word' id='word_1_120' title='bbox 1416 2256 1484 2308; x_wconf 86' lang='lat' dir='ltr'><strong>al.</strong></span> <span class='ocrx_word' id='word_1_121' title='bbox 1515 2266 1687 2325; x_wconf 78' lang='lat' dir='ltr'><strong>tempe·</strong></span> 
     </span>
     <span class='ocr_line' id='line_1_18' title="bbox 669 2331 942 2385; baseline 0.008 -2"><span class='ocrx_word' id='word_1_122' title='bbox 669 2344 808 2385; x_wconf 72' lang='lat' dir='ltr'><strong>mete.</strong></span> <span class='ocrx_word' id='word_1_123' title='bbox 835 2331 942 2385; x_wconf 84' lang='lat' dir='ltr'><strong>En.</strong></span> 
     </span>
    </p>

    <p class='ocr_par' dir='ltr' id='par_1_8' title="bbox 665 2411 1687 3121">
     <span class='ocr_line' id='line_1_19' title="bbox 747 2411 1685 2484; baseline 0.002 -21"><span class='ocrx_word' id='word_1_124' title='bbox 747 2413 818 2463; x_wconf 88' lang='lat' dir='ltr'><strong>V.</strong></span> <span class='ocrx_word' id='word_1_125' title='bbox 847 2431 899 2465; x_wconf 84' lang='lat'><strong>1.</strong></span> <span class='ocrx_word' id='word_1_126' title='bbox 925 2411 1112 2464; x_wconf 63' lang='lat' dir='ltr'><strong>Citam</strong></span> <span class='ocrx_word' id='word_1_127' title='bbox 1137 2431 1266 2467; x_wconf 77' lang='lat' dir='ltr'><strong>usus.</strong></span> <span class='ocrx_word' id='word_1_128' title='bbox 1293 2415 1373 2465; x_wconf 88' lang='lat' dir='ltr'><strong>De</strong></span> <span class='ocrx_word' id='word_1_129' title='bbox 1404 2431 1513 2484; x_wconf 87' lang='lat' dir='ltr'><strong>quo</strong></span> <span class='ocrx_word' id='word_1_130' title='bbox 1529 2413 1685 2484; x_wconf 85' lang='lat' dir='ltr'><strong>Virg.</strong></span> 
     </span>
     <span class='ocr_line' id='line_1_20' title="bbox 669 2490 1686 2562; baseline 0.001 -17"><span class='ocrx_word' id='word_1_131' title='bbox 669 2493 866 2562; x_wconf 81' lang='lat' dir='ltr'><strong>Georg.</strong></span> <span class='ocrx_word' id='word_1_132' title='bbox 891 2492 944 2556; x_wconf 86' lang='lat'><strong>1,</strong></span> <span class='ocrx_word' id='word_1_133' title='bbox 980 2491 1090 2544; x_wconf 78' lang='lat'><strong>80:</strong></span> <span class='ocrx_word' id='word_1_134' title='bbox 1123 2517 1146 2538; x_wconf 77' lang='grc' dir='ltr'>ι</span> <span class='ocrx_word' id='word_1_135' title='bbox 1182 2490 1262 2546; x_wconf 87' lang='lat' dir='ltr'><strong>Ne</strong></span> <span class='ocrx_word' id='word_1_136' title='bbox 1297 2505 1529 2544; x_wconf 84' lang='lat' dir='ltr'><strong>saturare</strong></span> <span class='ocrx_word' id='word_1_137' title='bbox 1555 2491 1686 2546; x_wconf 77' lang='lat' dir='ltr'><strong>fimo</strong></span> 
     </span>
     <span class='ocr_line' id='line_1_21' title="bbox 668 2567 1685 2644; baseline 0.002 -20"><span class='ocrx_word' id='word_1_138' title='bbox 668 2571 855 2644; x_wconf 88' lang='lat' dir='ltr'><strong>pingui</strong></span> <span class='ocrx_word' id='word_1_139' title='bbox 891 2567 1091 2643; x_wconf 85' lang='lat' dir='ltr'><strong>pudeat</strong></span> <span class='ocrx_word' id='word_1_140' title='bbox 1129 2572 1237 2624; x_wconf 82' lang='lat' dir='ltr'><strong>sola</strong></span> <span class='ocrx_word' id='word_1_141' title='bbox 1254 2592 1272 2638; x_wconf 81' lang='lat'>3</span> <span class='ocrx_word' id='word_1_142' title='bbox 1317 2590 1450 2625; x_wconf 82' lang='lat' dir='ltr'><strong>neve</strong></span> <span class='ocrx_word' id='word_1_143' title='bbox 1481 2571 1685 2626; x_wconf 81' lang='lat' dir='ltr'><strong>Effetos</strong></span> 
     </span>
     <span class='ocr_line' id='line_1_22' title="bbox 669 2649 1687 2723; baseline 0.003 -20"><span class='ocrx_word' id='word_1_144' title='bbox 669 2652 903 2703; x_wconf 81' lang='lat' dir='ltr'><strong>cinerem</strong></span> <span class='ocrx_word' id='word_1_145' title='bbox 952 2649 1288 2704; x_wconf 85' lang='lat' dir='ltr'><strong>immundum</strong></span> <span class='ocrx_word' id='word_1_146' title='bbox 1332 2654 1533 2722; x_wconf 85' lang='lat' dir='ltr'><strong>jactare</strong></span> <span class='ocrx_word' id='word_1_147' title='bbox 1590 2670 1687 2723; x_wconf 85' lang='lat' dir='ltr'><strong>per</strong></span> 
     </span>
     <span class='ocr_line' id='line_1_23' title="bbox 668 2730 1687 2805; baseline 0.002 -22"><span class='ocrx_word' id='word_1_148' title='bbox 668 2750 909 2805; x_wconf 38' lang='lat' dir='ltr'><strong>agros-N·</strong></span> <span class='ocrx_word' id='word_1_149' title='bbox 951 2730 1088 2795; x_wconf 77' lang='lat' dir='ltr'><strong>Quae</strong></span> <span class='ocrx_word' id='word_1_150' title='bbox 1130 2749 1294 2801; x_wconf 87' lang='lat' dir='ltr'><strong>porro</strong></span> <span class='ocrx_word' id='word_1_151' title='bbox 1337 2730 1621 2785; x_wconf 83' lang='lat' dir='ltr'><strong>traduntur</strong></span> <span class='ocrx_word' id='word_1_152' title='bbox 1655 2750 1687 2784; x_wconf 81' lang='lat' dir='ltr'><strong>a</strong></span> 
     </span>
     <span class='ocr_line' id='line_1_24' title="bbox 669 2810 1680 2882; baseline 0.007 -24"><span class='ocrx_word' id='word_1_153' title='bbox 669 2810 898 2881; x_wconf 80' lang='lat' dir='ltr'><strong>Virgilio</strong></span> <span class='ocrx_word' id='word_1_154' title='bbox 907 2810 1300 2881; x_wconf 78' lang='lat' dir='ltr'><strong>agricolationis</strong></span> <span class='ocrx_word' id='word_1_155' title='bbox 1320 2823 1604 2882; x_wconf 67' lang='lat' dir='ltr'><strong>praecepta,</strong></span> <span class='ocrx_word' id='word_1_156' title='bbox 1621 2829 1680 2865; x_wconf 85' lang='lat' dir='ltr'><strong>ea</strong></span> 
     </span>
     <span class='ocr_line' id='line_1_25' title="bbox 666 2889 1683 2962; baseline 0.001 -21"><span class='ocrx_word' id='word_1_157' title='bbox 666 2901 788 2942; x_wconf 85' lang='lat' dir='ltr'><strong>sunt</strong></span> <span class='ocrx_word' id='word_1_158' title='bbox 817 2906 881 2942; x_wconf 86' lang='lat' dir='ltr'><strong>ex</strong></span> <span class='ocrx_word' id='word_1_159' title='bbox 913 2889 1079 2942; x_wconf 74' lang='lat' dir='ltr'><strong>Italiae</strong></span> <span class='ocrx_word' id='word_1_160' title='bbox 1109 2890 1546 2962; x_wconf 68' lang='lat' dir='ltr'><strong>circumpadana</strong></span> <span class='ocrx_word' id='word_1_161' title='bbox 1573 2892 1683 2943; x_wconf 85' lang='lat' dir='ltr'><strong>ritu</strong></span> 
     </span>
     <span class='ocr_line' id='line_1_26' title="bbox 665 2968 1679 3038; baseline -0.002 -16"><span class='ocrx_word' id='word_1_162' title='bbox 665 2969 862 3038; x_wconf 79' lang='lat' dir='ltr'><strong>petita,</strong></span> <span class='ocrx_word' id='word_1_163' title='bbox 905 2979 970 3021; x_wconf 86' lang='lat' dir='ltr'><strong>nt</strong></span> <span class='ocrx_word' id='word_1_164' title='bbox 1016 2969 1218 3022; x_wconf 78' lang='lat' dir='ltr'><strong>Plinius</strong></span> <span class='ocrx_word' id='word_1_165' title='bbox 1265 2968 1538 3023; x_wconf 84' lang='lat' dir='ltr'><strong>adnotavit</strong></span> <span class='ocrx_word' id='word_1_166' title='bbox 1584 2971 1679 3023; x_wconf 89' lang='lat' dir='ltr'><strong>lib.</strong></span> 
     </span>
     <span class='ocr_line' id='line_1_27' title="bbox 665 3048 1353 3121; baseline 0 -20"><span class='ocrx_word' id='word_1_167' title='bbox 665 3050 887 3111; x_wconf 82' lang='lat' dir='ltr'>XVIII,</span> <span class='ocrx_word' id='word_1_168' title='bbox 909 3066 1027 3121; x_wconf 87' lang='lat' dir='ltr'><strong>cap.</strong></span> <span class='ocrx_word' id='word_1_169' title='bbox 1059 3048 1148 3103; x_wconf 87' lang='grc' dir='ltr'>3ο.</span> <span class='ocrx_word' id='word_1_170' title='bbox 1175 3048 1353 3101; x_wconf 70' lang='lat' dir='ltr'><strong>Eun.</strong></span> 
     </span>
    </p>

    <p class='ocr_par' dir='ltr' id='par_1_9' title="bbox 663 3127 1684 3437">
     <span class='ocr_line' id='line_1_28' title="bbox 751 3127 1681 3201; baseline 0.002 -22"><span class='ocrx_word' id='word_1_171' title='bbox 751 3148 802 3180; x_wconf 91' lang='grc'><strong>3.</strong></span> <span class='ocrx_word' id='word_1_172' title='bbox 839 3128 908 3180; x_wconf 83' lang='lat' dir='ltr'><strong>Ue</strong></span> <span class='ocrx_word' id='word_1_173' title='bbox 937 3129 1160 3181; x_wconf 57' lang='lat' dir='ltr'><strong>diximus.</strong></span> <span class='ocrx_word' id='word_1_174' title='bbox 1190 3130 1324 3201; x_wconf 85' lang='lat' dir='ltr'><strong>Cap.</strong></span> <span class='ocrx_word' id='word_1_175' title='bbox 1358 3127 1388 3180; x_wconf 86' lang='grc'>3</span> <span class='ocrx_word' id='word_1_176' title='bbox 1407 3162 1423 3188; x_wconf 89' lang='grc'><em>,</em></span> <span class='ocrx_word' id='word_1_177' title='bbox 1452 3129 1537 3181; x_wconf 85' lang='lat' dir='ltr'><strong>his</strong></span> <span class='ocrx_word' id='word_1_178' title='bbox 1562 3148 1681 3181; x_wconf 80' lang='lat' dir='ltr'><strong>ver-</strong></span> 
     </span>
     <span class='ocr_line' id='line_1_29' title="bbox 663 3206 1683 3280; baseline 0.002 -21"><span class='ocrx_word' id='word_1_179' title='bbox 663 3207 749 3260; x_wconf 86' lang='lat' dir='ltr'><strong>bis</strong></span> <span class='ocrx_word' id='word_1_180' title='bbox 773 3226 786 3258; x_wconf 76' lang='grc' dir='ltr'><strong>ε</strong></span> <span class='ocrx_word' id='word_1_181' title='bbox 822 3232 846 3255; x_wconf 78' lang='grc' dir='ltr'>ι</span> <span class='ocrx_word' id='word_1_182' title='bbox 876 3207 1096 3280; x_wconf 82' lang='lat' dir='ltr'><strong>Quippe</strong></span> <span class='ocrx_word' id='word_1_183' title='bbox 1120 3227 1231 3262; x_wconf 90' lang='lat' dir='ltr'><strong>non</strong></span> <span class='ocrx_word' id='word_1_184' title='bbox 1267 3206 1450 3263; x_wconf 87' lang='lat' dir='ltr'><strong>eadem</strong></span> <span class='ocrx_word' id='word_1_185' title='bbox 1478 3208 1683 3261; x_wconf 86' lang='lat' dir='ltr'><strong>arbori-</strong></span> 
     </span>
     <span class='ocr_line' id='line_1_30' title="bbox 665 3287 1684 3361; baseline 0.005 -25"><span class='ocrx_word' id='word_1_186' title='bbox 665 3287 765 3338; x_wconf 80' lang='lat' dir='ltr'><strong>bus</strong></span> <span class='ocrx_word' id='word_1_187' title='bbox 803 3288 1053 3340; x_wconf 81' lang='lat' dir='ltr'><strong>convenit</strong></span> <span class='ocrx_word' id='word_1_188' title='bbox 1082 3300 1134 3341; x_wconf 89' lang='lat' dir='ltr'><strong>et</strong></span> <span class='ocrx_word' id='word_1_189' title='bbox 1169 3288 1409 3359; x_wconf 78' lang='lat' dir='ltr'><strong>frugibus</strong></span> <span class='ocrx_word' id='word_1_190' title='bbox 1443 3289 1684 3361; x_wconf 84' lang='lat' dir='ltr'><strong>plerum-</strong></span> 
     </span>
     <span class='ocr_line' id='line_1_31' title="bbox 667 3366 1060 3437; baseline 0.005 -20"><span class='ocrx_word' id='word_1_191' title='bbox 667 3382 793 3437; x_wconf 85' lang='lat' dir='ltr'><strong>que.</strong></span> <span class='ocrx_word' id='word_1_192' title='bbox 823 3390 846 3413; x_wconf 78' lang='grc' dir='ltr'><strong>ιι</strong></span> <span class='ocrx_word' id='word_1_193' title='bbox 877 3366 1060 3420; x_wconf 70' lang='lat' dir='ltr'><strong>Halm.</strong></span> 
     </span>
    </p>

    <p class='ocr_par' dir='ltr' id='par_1_10' title="bbox 665 3442 1688 3995">
     <span class='ocr_line' id='line_1_32' title="bbox 752 3442 1683 3517; baseline 0.001 -19"><span class='ocrx_word' id='word_1_194' title='bbox 752 3445 806 3499; x_wconf 84' lang='grc'>3.</span> <span class='ocrx_word' id='word_1_195' title='bbox 838 3442 967 3497; x_wconf 78' lang='lat' dir='ltr'><strong>Sum</strong></span> <span class='ocrx_word' id='word_1_196' title='bbox 989 3449 1072 3517; x_wconf 78' lang='lat' dir='ltr'><strong>qui</strong></span> <span class='ocrx_word' id='word_1_197' title='bbox 1085 3448 1292 3517; x_wconf 73' lang='lat' dir='ltr'><strong>pulvere.</strong></span> <span class='ocrx_word' id='word_1_198' title='bbox 1319 3446 1469 3499; x_wconf 83' lang='lat' dir='ltr'><strong>Hanc</strong></span> <span class='ocrx_word' id='word_1_199' title='bbox 1495 3448 1683 3517; x_wconf 81' lang='lat' dir='ltr'><strong>pulve-</strong></span> 
     </span>
     <span class='ocr_line' id='line_1_33' title="bbox 665 3525 1683 3597; baseline -0.001 -18"><span class='ocrx_word' id='word_1_200' title='bbox 665 3526 740 3579; x_wconf 79' lang='lat' dir='ltr'><strong>ris</strong></span> <span class='ocrx_word' id='word_1_201' title='bbox 761 3525 1130 3578; x_wconf 81' lang='lat' dir='ltr'><strong>excitationem</strong></span> <span class='ocrx_word' id='word_1_202' title='bbox 1146 3564 1160 3587; x_wconf 86' lang='lat'><em>,</em></span> <span class='ocrx_word' id='word_1_203' title='bbox 1201 3545 1318 3597; x_wconf 74' lang='lat' dir='ltr'><strong>quae</strong></span> <span class='ocrx_word' id='word_1_204' title='bbox 1339 3527 1568 3579; x_wconf 80' lang='lat' dir='ltr'><strong>fossione</strong></span> <span class='ocrx_word' id='word_1_205' title='bbox 1592 3526 1683 3589; x_wconf 61' lang='lat' dir='ltr'><strong>fir,</strong></span> 
     </span>
     <span class='ocr_line' id='line_1_34' title="bbox 669 3604 1683 3675; baseline 0.001 -18"><span class='ocrx_word' id='word_1_206' title='bbox 669 3622 834 3675; x_wconf 85' lang='lat' dir='ltr'><strong>quum</strong></span> <span class='ocrx_word' id='word_1_207' title='bbox 883 3604 1186 3674; x_wconf 84' lang='lat' dir='ltr'><strong>pubescunt</strong></span> <span class='ocrx_word' id='word_1_208' title='bbox 1229 3622 1377 3669; x_wconf 62' lang='lat' dir='ltr'><strong>uvae,</strong></span> <span class='ocrx_word' id='word_1_209' title='bbox 1422 3606 1526 3658; x_wconf 88' lang='lat' dir='ltr'><strong>hoc</strong></span> <span class='ocrx_word' id='word_1_210' title='bbox 1575 3618 1683 3671; x_wconf 85' lang='lat' dir='ltr'><strong>est,</strong></span> 
     </span>
     <span class='ocr_line' id='line_1_35' title="bbox 667 3682 1688 3755; baseline 0.001 -19"><span class='ocrx_word' id='word_1_211' title='bbox 667 3702 835 3755; x_wconf 86' lang='lat' dir='ltr'><strong>quum</strong></span> <span class='ocrx_word' id='word_1_212' title='bbox 873 3682 1170 3753; x_wconf 78' lang='lat' dir='ltr'><strong>nigrescere</strong></span> <span class='ocrx_word' id='word_1_213' title='bbox 1195 3683 1484 3755; x_wconf 85' lang='lat' dir='ltr'><strong>incipiunt,</strong></span> <span class='ocrx_word' id='word_1_214' title='bbox 1507 3684 1688 3739; x_wconf 87' lang='lat' dir='ltr'><strong>laudat</strong></span> 
     </span>
     <span class='ocr_line' id='line_1_36' title="bbox 667 3762 1688 3837; baseline 0.001 -21"><span class='ocrx_word' id='word_1_215' title='bbox 667 3764 826 3817; x_wconf 84' lang='lat' dir='ltr'><strong>etiam</strong></span> <span class='ocrx_word' id='word_1_216' title='bbox 845 3762 1122 3837; x_wconf 83' lang='lat' dir='ltr'><strong>Theophr.</strong></span> <span class='ocrx_word' id='word_1_217' title='bbox 1139 3762 1206 3816; x_wconf 88' lang='lat' dir='ltr'><strong>de</strong></span> <span class='ocrx_word' id='word_1_218' title='bbox 1233 3765 1415 3817; x_wconf 87' lang='lat' dir='ltr'><strong>Causs.</strong></span> <span class='ocrx_word' id='word_1_219' title='bbox 1438 3765 1523 3816; x_wconf 88' lang='lat'><strong>111</strong></span> <span class='ocrx_word' id='word_1_220' title='bbox 1538 3803 1554 3829; x_wconf 86' lang='lat'>,</span> <span class='ocrx_word' id='word_1_221' title='bbox 1584 3784 1651 3817; x_wconf 83' lang='grc'><strong>33</strong></span> <span class='ocrx_word' id='word_1_222' title='bbox 1672 3804 1688 3830; x_wconf 83' lang='grc'><em>,</em></span> 
     </span>
     <span class='ocr_line' id='line_1_37' title="bbox 668 3837 1685 3912; baseline -0.001 -17"><span class='ocrx_word' id='word_1_223' title='bbox 668 3862 723 3912; x_wconf 85' lang='lat' dir='ltr'><strong>p.</strong></span> <span class='ocrx_word' id='word_1_224' title='bbox 752 3842 858 3897; x_wconf 86' lang='grc'>385</span> <span class='ocrx_word' id='word_1_225' title='bbox 885 3842 1017 3897; x_wconf 70' lang='grc' dir='ltr'><strong>τΤὴν</strong></span> <span class='ocrx_word' id='word_1_226' title='bbox 1051 3837 1109 3896; x_wconf 68' lang='lat' dir='ltr'><strong>di</strong></span> <span class='ocrx_word' id='word_1_227' title='bbox 1136 3844 1410 3896; x_wconf 72' lang='grc' dir='ltr'>ὑποκόνισιν</span> <span class='ocrx_word' id='word_1_228' title='bbox 1453 3881 1464 3893; x_wconf 93' lang='grc'>.</span> <span class='ocrx_word' id='word_1_229' title='bbox 1482 3884 1493 3895; x_wconf 93' lang='grc'>.</span> <span class='ocrx_word' id='word_1_230' title='bbox 1514 3882 1527 3894; x_wconf 90' lang='grc'>.</span> <span class='ocrx_word' id='word_1_231' title='bbox 1565 3845 1685 3896; x_wconf 76' lang='grc' dir='ltr'><strong>ὅταν</strong></span> 
     </span>
     <span class='ocr_line' id='line_1_38' title="bbox 669 3923 1683 3995; baseline 0.003 -21"><span class='ocrx_word' id='word_1_232' title='bbox 669 3924 912 3993; x_wconf 75' lang='grc' dir='ltr'>ἅρχωνται</span> <span class='ocrx_word' id='word_1_233' title='bbox 933 3923 1185 3995; x_wconf 73' lang='grc' dir='ltr'>πιριιάζιιν</span> <span class='ocrx_word' id='word_1_234' title='bbox 1202 3924 1242 3977; x_wconf 80' lang='grc' dir='ltr'><strong>οἶ</strong></span> <span class='ocrx_word' id='word_1_235' title='bbox 1260 3924 1472 3994; x_wconf 74' lang='grc' dir='ltr'><strong>βότρυες,</strong></span> <span class='ocrx_word' id='word_1_236' title='bbox 1493 3934 1594 3976; x_wconf 86' lang='lat' dir='ltr'><strong>etc.</strong></span> <span class='ocrx_word' id='word_1_237' title='bbox 1616 3924 1683 3977; x_wconf 81' lang='grc' dir='ltr'>Η.</span> 
     </span>
    </p>

    <p class='ocr_par' dir='ltr' id='par_1_11' title="bbox 667 4002 1681 4154">
     <span class='ocr_line' id='line_1_39' title="bbox 746 4002 1681 4074; baseline -0.001 -20"><span class='ocrx_word' id='word_1_238' title='bbox 746 4003 876 4056; x_wconf 59' lang='lat' dir='ltr'><strong>vla</strong></span> <span class='ocrx_word' id='word_1_239' title='bbox 891 4002 1012 4074; x_wconf 68' lang='lat' dir='ltr'><strong>Ap.</strong></span> <span class='ocrx_word' id='word_1_240' title='bbox 1031 4004 1308 4068; x_wconf 75' lang='lat' dir='ltr'><strong>Homerum,</strong></span> <span class='ocrx_word' id='word_1_241' title='bbox 1329 4016 1426 4056; x_wconf 88' lang='lat' dir='ltr'><strong>etc.</strong></span> <span class='ocrx_word' id='word_1_242' title='bbox 1455 4004 1681 4055; x_wconf 82' lang='lat' dir='ltr'><strong>Laertes.</strong></span> 
     </span>
     <span class='ocr_line' id='line_1_40' title="bbox 667 4080 1681 4154; baseline -0.002 -19"><span class='ocrx_word' id='word_1_243' title='bbox 667 4081 781 4135; x_wconf 90' lang='lat' dir='ltr'><strong>Cic.</strong></span> <span class='ocrx_word' id='word_1_244' title='bbox 814 4081 884 4134; x_wconf 86' lang='lat' dir='ltr'><strong>de</strong></span> <span class='ocrx_word' id='word_1_245' title='bbox 909 4083 1114 4137; x_wconf 83' lang='lat' dir='ltr'><strong>Senect.</strong></span> <span class='ocrx_word' id='word_1_246' title='bbox 1150 4102 1262 4154; x_wconf 85' lang='lat' dir='ltr'><strong>cap.</strong></span> <span class='ocrx_word' id='word_1_247' title='bbox 1302 4082 1374 4145; x_wconf 70' lang='grc'><strong>54</strong></span> <span class='ocrx_word' id='word_1_248' title='bbox 1413 4101 1424 4133; x_wconf 94' lang='lat'>:</span> <span class='ocrx_word' id='word_1_249' title='bbox 1469 4108 1490 4129; x_wconf 78' lang='grc' dir='ltr'><strong>ιι</strong></span> <span class='ocrx_word' id='word_1_250' title='bbox 1535 4080 1681 4147; x_wconf 82' lang='lat' dir='ltr'><strong>Quid</strong></span> 
     </span>
    </p>
   </div>
   <div class='ocr_carea' id='block_1_6' title="bbox 669 4159 1683 4235">
    <p class='ocr_par' dir='ltr' id='par_1_12' title="bbox 669 4159 1683 4235">
     <span class='ocr_line' id='line_1_41' title="bbox 669 4159 1683 4235; baseline 0.002 -24"><span class='ocrx_word' id='word_1_251' title='bbox 669 4159 736 4211; x_wconf 85' lang='lat' dir='ltr'><strong>de</strong></span> <span class='ocrx_word' id='word_1_252' title='bbox 759 4160 976 4215; x_wconf 85' lang='lat' dir='ltr'><strong>utilitate</strong></span> <span class='ocrx_word' id='word_1_253' title='bbox 997 4164 1182 4235; x_wconf 84' lang='lat' dir='ltr'><strong>loquar</strong></span> <span class='ocrx_word' id='word_1_254' title='bbox 1201 4162 1559 4216; x_wconf 80' lang='lat' dir='ltr'><strong>stercorandi?</strong></span> <span class='ocrx_word' id='word_1_255' title='bbox 1578 4162 1683 4213; x_wconf 81' lang='lat' dir='ltr'><strong>Ho-</strong></span> 
     </span>
    </p>
   </div>
   <div class='ocr_carea' id='block_1_7' title="bbox 1769 2249 2803 4231">
    <p class='ocr_par' dir='ltr' id='par_1_13' title="bbox 1770 2249 2803 2863">
     <span class='ocr_line' id='line_1_42' title="bbox 1772 2249 2795 2322; baseline -0.001 -18"><span class='ocrx_word' id='word_1_256' title='bbox 1772 2250 2013 2317; x_wconf 81' lang='lat' dir='ltr'><strong>derium,</strong></span> <span class='ocrx_word' id='word_1_257' title='bbox 2038 2249 2185 2322; x_wconf 87' lang='lat' dir='ltr'><strong>quod</strong></span> <span class='ocrx_word' id='word_1_258' title='bbox 2212 2249 2455 2322; x_wconf 81' lang='lat' dir='ltr'><strong>capiebat</strong></span> <span class='ocrx_word' id='word_1_259' title='bbox 2480 2269 2511 2302; x_wconf 89' lang='lat' dir='ltr'><strong>e</strong></span> <span class='ocrx_word' id='word_1_260' title='bbox 2534 2249 2679 2314; x_wconf 77' lang='lat' dir='ltr'><strong>filio,</strong></span> <span class='ocrx_word' id='word_1_261' title='bbox 2702 2269 2795 2303; x_wconf 87' lang='lat' dir='ltr'><strong>oo-</strong></span> 
     </span>
     <span class='ocr_line' id='line_1_43' title="bbox 1770 2331 2795 2400; baseline -0.003 -16"><span class='ocrx_word' id='word_1_262' title='bbox 1770 2331 1967 2385; x_wconf 83' lang='lat' dir='ltr'><strong>lentem</strong></span> <span class='ocrx_word' id='word_1_263' title='bbox 1984 2342 2256 2400; x_wconf 84' lang='lat' dir='ltr'><strong>agrum,et</strong></span> <span class='ocrx_word' id='word_1_264' title='bbox 2276 2348 2399 2382; x_wconf 84' lang='lat' dir='ltr'><strong>eum</strong></span> <span class='ocrx_word' id='word_1_265' title='bbox 2415 2341 2795 2384; x_wconf 81' lang='lat' dir='ltr'><strong>stercorantem</strong></span> 
     </span>
     <span class='ocr_line' id='line_1_44' title="bbox 1772 2407 2795 2479; baseline -0.003 -16"><span class='ocrx_word' id='word_1_266' title='bbox 1772 2411 1911 2465; x_wconf 85' lang='lat' dir='ltr'><strong>facit.</strong></span> <span class='ocrx_word' id='word_1_267' title='bbox 1949 2435 1971 2457; x_wconf 77' lang='lat' dir='ltr'><strong>u·</strong></span> <span class='ocrx_word' id='word_1_268' title='bbox 2008 2407 2229 2463; x_wconf 81' lang='lat' dir='ltr'><strong>Homeri</strong></span> <span class='ocrx_word' id='word_1_269' title='bbox 2264 2427 2441 2462; x_wconf 83' lang='lat' dir='ltr'><strong>versus</strong></span> <span class='ocrx_word' id='word_1_270' title='bbox 2478 2421 2559 2462; x_wconf 83' lang='lat' dir='ltr'><strong>est</strong></span> <span class='ocrx_word' id='word_1_271' title='bbox 2596 2411 2795 2479; x_wconf 85' lang='lat' dir='ltr'><strong>ejusce·</strong></span> 
     </span>
     <span class='ocr_line' id='line_1_45' title="bbox 1772 2483 2797 2561; baseline -0.003 -18"><span class='ocrx_word' id='word_1_272' title='bbox 1772 2487 1949 2554; x_wconf 87' lang='lat' dir='ltr'><strong>modi,</strong></span> <span class='ocrx_word' id='word_1_273' title='bbox 1984 2487 2179 2561; x_wconf 80' lang='lat' dir='ltr'><strong>Odyss.</strong></span> <span class='ocrx_word' id='word_1_274' title='bbox 2214 2492 2301 2552; x_wconf 85' lang='grc' dir='ltr'><strong>Ω,</strong></span> <span class='ocrx_word' id='word_1_275' title='bbox 2333 2507 2384 2542; x_wconf 81' lang='lat' dir='ltr'><strong>v.</strong></span> <span class='ocrx_word' id='word_1_276' title='bbox 2423 2489 2703 2542; x_wconf 46' lang='lat'><strong>„5:1⁸3”</strong></span> <span class='ocrx_word' id='word_1_277' title='bbox 2739 2483 2797 2540; x_wconf 74' lang='grc' dir='ltr'><strong>ὃ·</strong></span> 
     </span>
     <span class='ocr_line' id='line_1_46' title="bbox 1774 2561 2801 2641; baseline -0.003 -17"><span class='ocrx_word' id='word_1_278' title='bbox 1774 2565 1868 2624; x_wconf 73' lang='grc' dir='ltr'><strong>οἷον</strong></span> <span class='ocrx_word' id='word_1_279' title='bbox 1898 2571 2074 2641; x_wconf 66' lang='grc' dir='ltr'>πατέρ’</span> <span class='ocrx_word' id='word_1_280' title='bbox 2100 2561 2229 2641; x_wconf 72' lang='grc' dir='ltr'>εὗραν</span> <span class='ocrx_word' id='word_1_281' title='bbox 2259 2571 2517 2641; x_wconf 53' lang='lat' dir='ltr'><strong>‘barmim</strong></span> <span class='ocrx_word' id='word_1_282' title='bbox 2538 2571 2587 2622; x_wconf 72' lang='grc' dir='ltr'><strong>ἐν</strong></span> <span class='ocrx_word' id='word_1_283' title='bbox 2626 2569 2801 2639; x_wconf 71' lang='grc' dir='ltr'><strong>ἀλωῇ,</strong></span> 
     </span>
     <span class='ocr_line' id='line_1_47' title="bbox 1776 2646 2799 2720; baseline -0.003 -17"><span class='ocrx_word' id='word_1_284' title='bbox 1776 2651 2080 2720; x_wconf 75' lang='grc' dir='ltr'>Διςριὺοντα</span> <span class='ocrx_word' id='word_1_285' title='bbox 2100 2650 2262 2719; x_wconf 76' lang='grc' dir='ltr'>φυτόν.</span> <span class='ocrx_word' id='word_1_286' title='bbox 2282 2650 2393 2702; x_wconf 88' lang='lat' dir='ltr'><strong>Ubi</strong></span> <span class='ocrx_word' id='word_1_287' title='bbox 2414 2646 2545 2702; x_wconf 89' lang='lat' dir='ltr'><strong>illud</strong></span> <span class='ocrx_word' id='word_1_288' title='bbox 2556 2650 2799 2719; x_wconf 70' lang='grc' dir='ltr'><strong>λιςριύον-</strong></span> 
     </span>
     <span class='ocr_line' id='line_1_48' title="bbox 1776 2727 2803 2783; baseline -0.005 0"><span class='ocrx_word' id='word_1_289' title='bbox 1776 2750 1843 2783; x_wconf 82' lang='grc' dir='ltr'><strong>τοι</strong></span> <span class='ocrx_word' id='word_1_290' title='bbox 1882 2739 2217 2782; x_wconf 54' lang='lat' dir='ltr'><strong>stercorantem</strong></span> <span class='ocrx_word' id='word_1_291' title='bbox 2264 2728 2451 2781; x_wconf 86' lang='lat' dir='ltr'><strong>Cicero</strong></span> <span class='ocrx_word' id='word_1_292' title='bbox 2498 2730 2576 2782; x_wconf 70' lang='lat' dir='ltr'><strong>et·</strong></span> <span class='ocrx_word' id='word_1_293' title='bbox 2594 2727 2803 2781; x_wconf 76' lang='lat' dir='ltr'><strong>Plinius</strong></span> 
     </span>
     <span class='ocr_line' id='line_1_49' title="bbox 1778 2806 2355 2863; baseline -0.005 0"><span class='ocrx_word' id='word_1_294' title='bbox 1778 2806 2143 2863; x_wconf 86' lang='lat' dir='ltr'><strong>reddiderunt.</strong></span> <span class='ocrx_word' id='word_1_295' title='bbox 2174 2808 2355 2861; x_wconf 63' lang='lat' dir='ltr'><strong>Hsnn.</strong></span> 
     </span>
    </p>

    <p class='ocr_par' dir='ltr' id='par_1_14' title="bbox 1769 2885 2803 4231">
     <span class='ocr_line' id='line_1_50' title="bbox 1853 2885 2790 2957; baseline -0.006 -16"><span class='ocrx_word' id='word_1_296' title='bbox 1853 2908 1907 2943; x_wconf 83' lang='grc'><strong>3.</strong></span> <span class='ocrx_word' id='word_1_297' title='bbox 1935 2889 2047 2941; x_wconf 76' lang='lat' dir='ltr'><strong>Suis</strong></span> <span class='ocrx_word' id='word_1_298' title='bbox 2078 2886 2294 2939; x_wconf 75' lang='lat' dir='ltr'><strong>manibus</strong></span> <span class='ocrx_word' id='word_1_299' title='bbox 2327 2885 2578 2957; x_wconf 62' lang='lat' dir='ltr'><strong>loeteJfieans</strong></span> <span class='ocrx_word' id='word_1_300' title='bbox 2606 2890 2790 2957; x_wconf 75' lang='lat' dir='ltr'><strong>repere·-</strong></span> 
     </span>
     <span class='ocr_line' id='line_1_51' title="bbox 1770 2966 2796 3037; baseline -0.003 -16"><span class='ocrx_word' id='word_1_301' title='bbox 1770 2981 1864 3021; x_wconf 73' lang='grc' dir='ltr'><strong>ων.</strong></span> <span class='ocrx_word' id='word_1_302' title='bbox 1908 2969 2123 3021; x_wconf 80' lang='lat' dir='ltr'><strong>Homer.</strong></span> <span class='ocrx_word' id='word_1_303' title='bbox 2164 2966 2355 3037; x_wconf 80' lang='lat' dir='ltr'><strong>Odyss.</strong></span> <span class='ocrx_word' id='word_1_304' title='bbox 2394 2972 2447 3020; x_wconf 85' lang='grc' dir='ltr'>Ω</span> <span class='ocrx_word' id='word_1_305' title='bbox 2479 2985 2493 3019; x_wconf 89' lang='lat'>:</span> <span class='ocrx_word' id='word_1_306' title='bbox 2540 2968 2796 3033; x_wconf 66' lang='grc' dir='ltr'><strong>ἐϋκτιμένῃ</strong></span> 
     </span>
     <span class='ocr_line' id='line_1_52' title="bbox 1772 3046 2797 3118; baseline -0.002 -17"><span class='ocrx_word' id='word_1_307' title='bbox 1772 3052 1819 3101; x_wconf 68' lang='grc' dir='ltr'><strong>ἐν</strong></span> <span class='ocrx_word' id='word_1_308' title='bbox 1851 3050 1983 3117; x_wconf 70' lang='grc' dir='ltr'><strong>ἀλωῇ</strong></span> <span class='ocrx_word' id='word_1_309' title='bbox 2022 3048 2305 3118; x_wconf 74' lang='grc' dir='ltr'><strong>λιςριύοντα</strong></span> <span class='ocrx_word' id='word_1_310' title='bbox 2328 3048 2493 3117; x_wconf 71' lang='grc' dir='ltr'>φυτόν.</span> <span class='ocrx_word' id='word_1_311' title='bbox 2516 3046 2581 3101; x_wconf 88' lang='lat' dir='ltr'><strong>In</strong></span> <span class='ocrx_word' id='word_1_312' title='bbox 2608 3062 2797 3115; x_wconf 84' lang='lat' dir='ltr'><strong>poma·</strong></span> 
     </span>
     <span class='ocr_line' id='line_1_53' title="bbox 1772 3124 2792 3191; baseline -0.004 -10"><span class='ocrx_word' id='word_1_313' title='bbox 1772 3129 1855 3181; x_wconf 86' lang='lat' dir='ltr'><strong>rio</strong></span> <span class='ocrx_word' id='word_1_314' title='bbox 1884 3129 2019 3181; x_wconf 84' lang='lat' dir='ltr'><strong>bene</strong></span> <span class='ocrx_word' id='word_1_315' title='bbox 2044 3138 2249 3181; x_wconf 85' lang='lat' dir='ltr'><strong>structo</strong></span> <span class='ocrx_word' id='word_1_316' title='bbox 2269 3124 2792 3191; x_wconf 78' lang='lat' dir='ltr'><strong>circumfodientem,</strong></span> 
     </span>
     <span class='ocr_line' id='line_1_54' title="bbox 1771 3206 2795 3277; baseline -0.005 -16"><span class='ocrx_word' id='word_1_317' title='bbox 1771 3206 2046 3261; x_wconf 86' lang='lat' dir='ltr'><strong>radentem</strong></span> <span class='ocrx_word' id='word_1_318' title='bbox 2074 3246 2089 3271; x_wconf 87' lang='lat'>,</span> <span class='ocrx_word' id='word_1_319' title='bbox 2158 3206 2485 3277; x_wconf 79' lang='lat' dir='ltr'><strong>laevigantem</strong></span> <span class='ocrx_word' id='word_1_320' title='bbox 2550 3206 2795 3259; x_wconf 85' lang='lat' dir='ltr'><strong>arborem</strong></span> 
     </span>
     <span class='ocr_line' id='line_1_55' title="bbox 1774 3281 2797 3357; baseline -0.001 -17"><span class='ocrx_word' id='word_1_321' title='bbox 1774 3282 1795 3347; x_wconf 98' lang='lat'>(</span> <span class='ocrx_word' id='word_1_322' title='bbox 1814 3300 1891 3340; x_wconf 86' lang='lat' dir='ltr'><strong>tot</strong></span> <span class='ocrx_word' id='word_1_323' title='bbox 1907 3288 2050 3341; x_wconf 90' lang='lat' dir='ltr'><strong>enim</strong></span> <span class='ocrx_word' id='word_1_324' title='bbox 2066 3288 2297 3356; x_wconf 74' lang='grc' dir='ltr'><strong>λιςριὺιιν</strong></span> <span class='ocrx_word' id='word_1_325' title='bbox 2325 3284 2581 3357; x_wconf 77' lang='lat' dir='ltr'><strong>significat</strong></span> <span class='ocrx_word' id='word_1_326' title='bbox 2606 3304 2621 3337; x_wconf 77' lang='lat' dir='ltr'><em>z</em></span> <span class='ocrx_word' id='word_1_327' title='bbox 2646 3281 2797 3339; x_wconf 79' lang='lat' dir='ltr'><strong>unde</strong></span> 
     </span>
     <span class='ocr_line' id='line_1_56' title="bbox 1769 3365 2801 3437; baseline -0.005 -17"><span class='ocrx_word' id='word_1_328' title='bbox 1769 3368 1929 3437; x_wconf 72' lang='grc' dir='ltr'><strong>λίςρον</strong></span> <span class='ocrx_word' id='word_1_329' title='bbox 1960 3366 2216 3419; x_wconf 79' lang='lat' dir='ltr'><strong>rusticum</strong></span> <span class='ocrx_word' id='word_1_330' title='bbox 2242 3365 2654 3419; x_wconf 78' lang='lat' dir='ltr'><strong>instrumentum</strong></span> <span class='ocrx_word' id='word_1_331' title='bbox 2688 3380 2801 3434; x_wconf 82' lang='lat' dir='ltr'><strong>quo</strong></span> 
     </span>
     <span class='ocr_line' id='line_1_57' title="bbox 1772 3435 2799 3517; baseline -0.005 -19"><span class='ocrx_word' id='word_1_332' title='bbox 1772 3444 1830 3499; x_wconf 90' lang='lat' dir='ltr'><strong>id</strong></span> <span class='ocrx_word' id='word_1_333' title='bbox 1864 3445 2135 3517; x_wconf 84' lang='lat' dir='ltr'><strong>peragitur</strong></span> <span class='ocrx_word' id='word_1_334' title='bbox 2148 3435 2185 3514; x_wconf 96' lang='lat'><strong>).</strong></span> <span class='ocrx_word' id='word_1_335' title='bbox 2208 3445 2395 3499; x_wconf 84' lang='lat' dir='ltr'><strong>Cicero</strong></span> <span class='ocrx_word' id='word_1_336' title='bbox 2428 3444 2485 3497; x_wconf 86' lang='lat' dir='ltr'><strong>in</strong></span> <span class='ocrx_word' id='word_1_337' title='bbox 2512 3444 2714 3497; x_wconf 86' lang='lat' dir='ltr'><strong>Catone</strong></span> <span class='ocrx_word' id='word_1_338' title='bbox 2742 3454 2799 3494; x_wconf 85' lang='lat' dir='ltr'><strong>et</strong></span> 
     </span>
     <span class='ocr_line' id='line_1_58' title="bbox 1771 3524 2797 3589; baseline -0.004 -11"><span class='ocrx_word' id='word_1_339' title='bbox 1771 3526 1908 3578; x_wconf 83' lang='lat' dir='ltr'><strong>Plin.</strong></span> <span class='ocrx_word' id='word_1_340' title='bbox 1924 3526 2030 3579; x_wconf 89' lang='lat' dir='ltr'><strong>hoc</strong></span> <span class='ocrx_word' id='word_1_341' title='bbox 2050 3525 2171 3578; x_wconf 89' lang='lat' dir='ltr'><strong>loco</strong></span> <span class='ocrx_word' id='word_1_342' title='bbox 2192 3535 2281 3577; x_wconf 86' lang='lat' dir='ltr'><strong>aut</strong></span> <span class='ocrx_word' id='word_1_343' title='bbox 2295 3524 2570 3589; x_wconf 83' lang='lat' dir='ltr'><strong>obliviose,</strong></span> <span class='ocrx_word' id='word_1_344' title='bbox 2592 3535 2683 3577; x_wconf 81' lang='lat' dir='ltr'><strong>aut</strong></span> <span class='ocrx_word' id='word_1_345' title='bbox 2700 3540 2797 3575; x_wconf 80' lang='lat' dir='ltr'><strong>ne-</strong></span> 
     </span>
     <span class='ocr_line' id='line_1_59' title="bbox 1772 3603 2799 3677; baseline -0.003 -21"><span class='ocrx_word' id='word_1_346' title='bbox 1772 3603 2031 3676; x_wconf 83' lang='lat' dir='ltr'><strong>gligenter</strong></span> <span class='ocrx_word' id='word_1_347' title='bbox 2068 3606 2296 3677; x_wconf 73' lang='grc' dir='ltr'><strong>λιςριύειν</strong></span> <span class='ocrx_word' id='word_1_348' title='bbox 2313 3640 2329 3668; x_wconf 86' lang='grc'><strong>,</strong></span> <span class='ocrx_word' id='word_1_349' title='bbox 2364 3605 2602 3675; x_wconf 57' lang='lat' dir='ltr'><strong>uomitum</strong></span> <span class='ocrx_word' id='word_1_350' title='bbox 2618 3642 2633 3665; x_wconf 90' lang='lat'><em>,</em></span> <span class='ocrx_word' id='word_1_351' title='bbox 2664 3614 2799 3656; x_wconf 84' lang='lat' dir='ltr'><strong>ster-</strong></span> 
     </span>
     <span class='ocr_line' id='line_1_60' title="bbox 1774 3684 2798 3753; baseline -0.004 -16"><span class='ocrx_word' id='word_1_352' title='bbox 1774 3702 1956 3737; x_wconf 84' lang='lat' dir='ltr'><strong>corare</strong></span> <span class='ocrx_word' id='word_1_353' title='bbox 2004 3697 2059 3736; x_wconf 89' lang='lat' dir='ltr'><strong>et</strong></span> <span class='ocrx_word' id='word_1_354' title='bbox 2105 3684 2371 3737; x_wconf 68' lang='lat' dir='ltr'><strong>laetificare</strong></span> <span class='ocrx_word' id='word_1_355' title='bbox 2421 3694 2798 3753; x_wconf 84' lang='lat' dir='ltr'><strong>exposuerunt.</strong></span> 
     </span>
     <span class='ocr_line' id='line_1_61' title="bbox 1775 3762 2799 3834; baseline -0.004 -18"><span class='ocrx_word' id='word_1_356' title='bbox 1775 3766 1857 3817; x_wconf 88' lang='lat' dir='ltr'><strong>De</strong></span> <span class='ocrx_word' id='word_1_357' title='bbox 1882 3764 2073 3834; x_wconf 82' lang='lat' dir='ltr'><strong>Ulysse</strong></span> <span class='ocrx_word' id='word_1_358' title='bbox 2103 3762 2160 3816; x_wconf 80' lang='lat' dir='ltr'><strong>id</strong></span> <span class='ocrx_word' id='word_1_359' title='bbox 2186 3762 2413 3827; x_wconf 81' lang='lat' dir='ltr'><strong>dicitur,</strong></span> <span class='ocrx_word' id='word_1_360' title='bbox 2453 3762 2547 3833; x_wconf 81' lang='lat' dir='ltr'><strong>qui</strong></span> <span class='ocrx_word' id='word_1_361' title='bbox 2592 3774 2799 3832; x_wconf 84' lang='lat' dir='ltr'><strong>patrem</strong></span> 
     </span>
     <span class='ocr_line' id='line_1_62' title="bbox 1774 3840 2799 3915; baseline -0.006 -18"><span class='ocrx_word' id='word_1_362' title='bbox 1774 3845 1853 3897; x_wconf 90' lang='lat' dir='ltr'><strong>sic</strong></span> <span class='ocrx_word' id='word_1_363' title='bbox 1888 3856 2204 3915; x_wconf 86' lang='lat' dir='ltr'><strong>occupatum</strong></span> <span class='ocrx_word' id='word_1_364' title='bbox 2237 3840 2603 3912; x_wconf 83' lang='lat' dir='ltr'><strong>deprehendit.</strong></span> <span class='ocrx_word' id='word_1_365' title='bbox 2634 3840 2799 3892; x_wconf 77' lang='lat' dir='ltr'><strong>AElia-</strong></span> 
     </span>
     <span class='ocr_line' id='line_1_63' title="bbox 1774 3920 2801 3993; baseline -0.005 -17"><span class='ocrx_word' id='word_1_366' title='bbox 1774 3942 1907 3987; x_wconf 87' lang='lat' dir='ltr'><strong>nus‚</strong></span> <span class='ocrx_word' id='word_1_367' title='bbox 1932 3923 2068 3975; x_wconf 85' lang='lat' dir='ltr'><strong>Hist.</strong></span> <span class='ocrx_word' id='word_1_368' title='bbox 2095 3920 2190 3976; x_wconf 89' lang='lat' dir='ltr'><strong>lib.</strong></span> <span class='ocrx_word' id='word_1_369' title='bbox 2226 3923 2370 3987; x_wconf 83' lang='lat' dir='ltr'><strong>vn,</strong></span> <span class='ocrx_word' id='word_1_370' title='bbox 2402 3940 2519 3993; x_wconf 87' lang='lat' dir='ltr'><strong>cap.</strong></span> <span class='ocrx_word' id='word_1_371' title='bbox 2557 3922 2587 3973; x_wconf 81' lang='lat'><strong>5</strong></span> <span class='ocrx_word' id='word_1_372' title='bbox 2608 3959 2624 3983; x_wconf 91' lang='lat'><strong>‚</strong></span> <span class='ocrx_word' id='word_1_373' title='bbox 2654 3933 2801 3972; x_wconf 82' lang='lat' dir='ltr'><strong>recte</strong></span> 
     </span>
     <span class='ocr_line' id='line_1_64' title="bbox 1775 3998 2797 4077; baseline -0.006 -22"><span class='ocrx_word' id='word_1_374' title='bbox 1775 4002 2125 4077; x_wconf 81' lang='lat' dir='ltr'><strong>significatum</strong></span> <span class='ocrx_word' id='word_1_375' title='bbox 2168 4005 2282 4071; x_wconf 84' lang='lat' dir='ltr'><strong>ejus</strong></span> <span class='ocrx_word' id='word_1_376' title='bbox 2322 4002 2471 4055; x_wconf 80' lang='lat' dir='ltr'><strong>verbi</strong></span> <span class='ocrx_word' id='word_1_377' title='bbox 2518 3998 2797 4053; x_wconf 87' lang='lat' dir='ltr'><strong>reddidit:</strong></span> 
     </span>
     <span class='ocr_line' id='line_1_65' title="bbox 1776 4082 2799 4151; baseline -0.005 -17"><span class='ocrx_word' id='word_1_378' title='bbox 1776 4086 1874 4135; x_wconf 74' lang='grc' dir='ltr'><strong>Καὶ</strong></span> <span class='ocrx_word' id='word_1_379' title='bbox 1896 4084 2111 4151; x_wconf 70' lang='grc' dir='ltr'><strong>Λαέρτης</strong></span> <span class='ocrx_word' id='word_1_380' title='bbox 2139 4084 2412 4151; x_wconf 76' lang='grc' dir='ltr'><strong>αὐτουργῶν</strong></span> <span class='ocrx_word' id='word_1_381' title='bbox 2442 4082 2537 4132; x_wconf 78' lang='grc' dir='ltr'><strong>ὑπὸ</strong></span> <span class='ocrx_word' id='word_1_382' title='bbox 2562 4084 2646 4132; x_wconf 83' lang='grc' dir='ltr'><strong>τοῦ</strong></span> <span class='ocrx_word' id='word_1_383' title='bbox 2674 4098 2799 4130; x_wconf 83' lang='grc' dir='ltr'>παι-</span> 
     </span>
     <span class='ocr_line' id='line_1_66' title="bbox 1770 4157 2803 4231; baseline -0.005 -16"><span class='ocrx_word' id='word_1_384' title='bbox 1770 4157 1856 4222; x_wconf 74' lang='grc' dir='ltr'><strong>δὸς</strong></span> <span class='ocrx_word' id='word_1_385' title='bbox 1886 4162 2204 4231; x_wconf 71' lang='grc' dir='ltr'>πεφώραται,</span> <span class='ocrx_word' id='word_1_386' title='bbox 2244 4161 2325 4215; x_wconf 70' lang='grc' dir='ltr'><strong>καὶ</strong></span> <span class='ocrx_word' id='word_1_387' title='bbox 2358 4162 2499 4229; x_wconf 71' lang='grc' dir='ltr'>φυτὸν</span> <span class='ocrx_word' id='word_1_388' title='bbox 2526 4158 2677 4221; x_wconf 69' lang='grc' dir='ltr'><strong>ξύων,</strong></span> <span class='ocrx_word' id='word_1_389' title='bbox 2715 4159 2803 4211; x_wconf 73' lang='grc' dir='ltr'><strong>καί</strong></span> 
     </span>
    </p>
   </div>
  </div>
 </body>
</html>
