3150 5150
909 508 1044 577 388

1450 508 1524 573 C.
1580 505 1923 574 PLINII
1975 505 2189 572 NAT.
2244 504 2497 572 HIST.

908 638 1123 709 tutelae
1159 621 1497 706 Veneris¹³
1544 637 1922 730 assignante
1964 632 2277 703 Plauto'.
2210 622 2256 664 '⁴
2323 637 2470 702 Jam
2501 632 2772 727 quidem
2804 634 3029 701 horto·

907 772 1055 814 ium
1091 746 1355 813 nomine
1396 744 1462 809 in
1502 742 1642 835 ipsa
1674 742 1841 810 urbe
1883 740 2180 824 deliciaS,
2208 764 2441 834 agros,
2484 739 2803 869 villasque
2836 743 3027 834 possi·

907 852 1083 920 dent.
1113 850 1371 919 Primus
1397 848 1527 917 hoc
1552 848 1834 916 instituit
1854 846 2130 915 Athenis
2154 848 2476 940 Epicurus
2505 832 2681 914 otii¹⁵
2707 873 2814 914 ma
2867 849 3028 915 ister.

906 960 1136 1051 Usque
1161 955 1245 1024 ad
1272 980 1422 1023 eum
1454 955 1656 1022 moris
1687 978 1820 1022 non
1855 952 2120 1021 fuerat
2104 977 2170 1020 in
2208 952 2470 1046 oppidis
2490 950 2814 1020 habitari¹
2863 977 3026 1020 rura.

850 1100 873 1123 ο
908 1066 1139 1133 Romae
1180 1060 1449 1155 quidem
1483 1084 1604 1154 per
1644 1084 1712 1128 se
1742 1059 1978 1128 hortus
2021 1083 2177 1153 ager
2212 1059 2519 1153 pauperis
2558 1073 2719 1126 erat.

1014 1172 1111 1238 Ex
1138 1169 1338 1237 horto
1360 1164 1575 1262 plebei
1600 1164 1948 1234 macellum
1967 1164 2037 1250 ¹⁷,
2063 1179 2312 1259 quanto
2344 1166 2796 1233 innocentiore
2824 1161 3025 1233 victu!

903 1385 1126 1439 ramque
1154 1367 1317 1425 illam.
1352 1377 1411 1417 ut
1439 1364 1671 1418 Martial.
1711 1365 1786 1418 ait
1821 1365 1924 1435 Ep.

905 1449 1013 1510 m,
1031 1465 1204 1500 uvm
1228 1465 1242 1496 :
1263 1442 1588 1498 «Custodem
1616 1444 1809 1497 merito
1830 1457 1929 1497 sta·

904 1528 1005 1580 tuit
1025 1545 1183 1597 quam
1211 1525 1419 1579 villicus
1445 1525 1636 1588 horto,
1665 1524 1926 1596 Opposita

903 1618 1105 1677 spectat
1134 1623 1292 1675 quam
1326 1604 1498 1675 proba
1514 1604 1666 1674 virgo
1696 1622 1876 1657 manu.
1895 1628 1918 1650 ·

990 1684 1074 1736 13.
1120 1685 1306 1737 Tutela
1338 1684 1391 1733 V
1388 1687 1554 1735 enoris.
1588 1684 1799 1736 Rustica
1828 1683 1926 1735 Vi-

865 1750 879 1766 ⁰
903 1764 1043 1816 nalia
1071 1782 1247 1816 mense
1275 1763 1512 1832 Augusto
1534 1762 1732 1815 Veneri
1754 1760 1927 1815 dicata

904 1854 1026 1897 sunt
1046 1880 1063 1906 ,
1085 1843 1163 1895 illi
1189 1840 1373 1895 eadem
1396 1840 1484 1894 die
1502 1854 1802 1895 consecrata
1827 1842 1929 1894 fuit

904 1920 1040 1975 aedes
1070 1941 1085 1973 ε
1128 1924 1393 1993 jumenta,
1445 1922 1661 1974 olitores
1681 1960 1698 1985 ,
1745 1940 1927 1974 omnes

904 2002 1048 2056 horti
1068 2003 1124 2055 iu
1152 2003 1264 2072 ejus
1290 2000 1454 2054 tutela
1472 2013 1616 2053 sunt.
1637 2001 1822 2071 ltaque
1839 2004 1928 2071 ju·

905 2093 1084 2134 menta
1105 2092 1358 2135 coronata
1381 2081 1449 2131 ab
1475 2098 1638 2151 opere
1659 2080 1929 2133 cessabant

906 2161 1277 2220 Consualibus.
1290 2177 1408 2230 qun
1420 2159 1659 2229 sequenti
1678 2176 1741 2211 ac
1759 2159 1931 2231 ρωπί-

906 2258 994 2292 mo
1035 2238 1123 2293 die
1167 2238 1587 2309 celebrabantur.
1627 2237 1819 2308 Scalig.
1869 2237 1926 2289 in

905 2319 1147 2385 Festum,
1175 2338 1293 2390 pag.
1329 2320 1459 2370 161.
1485 2319 1691 2370 Duae.

996 2418 1015 2452 ι
1030 2405 1086 2461 4.
1107 2400 1406 2467 Auigaeante
1431 2398 1631 2449 Plauto.
1655 2397 1782 2461 Quo
1801 2396 1927 2449 loco

905 2478 1123 2532 Plautus
1153 2475 1209 2529 id
1241 2474 1461 2547 prodat,
1495 2476 1650 2528 nobis
1674 2477 1931 2529 hactenus

905 2557 1317 2628 incompertum.
1356 2554 1434 2609 At
1465 2556 1642 2608 Varro
1659 2593 1674 2620 ,
1697 2567 1809 2607 tum
1832 2555 1926 2609 lib.

907 2638 959 2686 V
987 2635 1054 2689 de
1088 2637 1149 2687 L.
1166 2634 1231 2687 L.
1267 2652 1390 2706 pag.
1422 2636 1491 2698 48
1524 2653 1542 2689 ι
1579 2633 1808 2696 «Horti,
1845 2635 1929 2686 in-

906 2716 1054 2787 quit,
1073 2714 1299 2767 Veneris
1324 2715 1498 2766 tutelo
1520 2714 1845 2783 assignantur
1862 2753 1878 2778 ,
1900 2739 1923 2759 ι

906 2797 1009 2848 hoc
1034 2806 1143 2858 est,
1172 2790 1485 2856 munditiei,
1512 2792 1812 2863 elegantia,
1841 2810 1930 2844 ve·

906 2873 1155 2937 uustatis3
1185 2884 1297 2925 tum
1324 2871 1420 2924 lib.
1448 2873 1476 2923 1
1496 2869 1565 2923 de
1591 2873 1669 2925 ne
1697 2872 1764 2924 R.
1798 2891 1846 2924 c.
1881 2889 1928 2924 ι.

902 2954 973 3006 Et
986 2954 1041 3006 in
1058 2952 1224 3005 hortis
1236 2950 1562 3004 Sallustianis
1575 2953 1757 3004 Romo
1775 2949 1931 3002 tuisse

905 3034 1162 3103 templum
1203 3029 1432 3084 Veneris
1466 3031 1793 3100 accepimus,
1843 3030 1929 3081 cui

906 3113 1019 3166 boc
1084 3111 1326 3182 apposita
1390 3109 1682 3182 epigraphe
1734 3109 1895 3162 fuerit
1914 3146 1931 3172 ,

905 3210 1024 3262 pag.
1056 3190 1159 3258 39:
1183 3208 1427 3243 untur.
1444 3207 1698 3243 vanans.
1724 3207 1928 3243 uon-ro·

908 3288 1042 3323 nvn.
1067 3287 1564 3322 uuvsrruonvn.
1594 3270 1776 3321 Ηιιυ.

984 3350 1078 3402 15.
1104 3349 1213 3402 Otia·
1236 3353 1479 3418 magister.
1500 3351 1567 3401 In
1591 3347 1745 3401 MSS.
1767 3351 1930 3399 horto·

908 3447 1011 3480 rum
1057 3431 1298 3498 magister.
1347 3428 1492 3481 Emit
1526 3426 1745 3499 quidem
1787 3440 1930 3480 certe

906 3509 1123 3560 hortum
1159 3507 1318 3558 minis
1347 3507 1617 3578 octoginta
1635 3545 1650 3572 ,
1675 3507 1733 3559 in
1759 3525 1931 3577 eoque

905 3583 1256 3658 philosophia
1268 3584 1453 3639 ludum
1470 3587 1676 3658 apernit
1688 3624 1705 3650 ,
1721 3585 1931 3639 Laertio

908 3678 1041 3718 teste
1063 3664 1119 3716 in
1142 3666 1255 3735 ejus
1273 3665 1405 3729 vita,
1425 3665 1517 3718 lib.
1542 3666 1594 3717 X
1611 3697 1627 3724 2
1648 3682 1766 3736 pag.
1798 3682 1929 3735 271.

904 3743 1153 3798 Meminit
1187 3743 1472 3796 Pausanias
1514 3745 1571 3796 in
1610 3743 1811 3797 Atticis
1844 3762 1930 3797 re·

904 3824 1168 3895 giunculoe
1188 3822 1536 3887 Athenarum,
1549 3842 1707 3894 quam
1729 3822 1930 3887 Hortos,

904 3904 1085 3965 κήπους
1107 3942 1124 3967 ,
1149 3901 1310 3955 fuisse
1346 3903 1666 3973 appellatam
1696 3903 1879 3955 scribit
1907 3921 1921 3955 :

904 4003 1020 4036 eam
1047 3981 1317 4035 verisimili
1342 3983 1642 4051 conjectura
1661 4023 1676 4044 ,
1705 3994 1924 4053 propter

902 4063 1015 4117 haic
1042 4062 1198 4115 Plinii
1220 4062 1405 4125 verba,
1425 4060 1494 4114 de
1519 4061 1686 4114 hortis
1704 4061 1924 4133 Epicuri

903 4141 1203 4197 Gassendus
1228 4140 1451 4214 accepit,
1472 4141 1567 4195 lib.
1591 4139 1656 4193 de
1675 4142 1777 4194 vita
1799 4141 1922 4211 Epi·

2017 1365 2130 1417 curi
2157 1404 2174 1431 ,
2230 1382 2348 1435 cap.
2396 1368 2448 1415 6.
2491 1364 2546 1418 si
2587 1364 2835 1418 codicum
2887 1364 3024 1417 MSS.

2015 1444 2175 1497 lectio
2217 1443 2478 1508 arriserit,
2519 1445 2761 1496 laon-torm
2802 1445 3031 1511 Magister

2014 1523 2278 1595 Epicurus
2329 1541 2453 1576 sane
2499 1521 2739 1589 dicatur,
2790 1522 2940 1594 quod
2982 1525 3026 1574 in

2017 1603 2187 1656 bortis
2208 1602 2462 1655 doctrino
2485 1604 2849 1674 magisterium
2893 1621 3025 1655 exer·

2015 1683 2142 1736 cuit.
2172 1682 2356 1753 Eun.

2102 1766 2188 1814 16.
2219 1761 2279 1813 In
2303 1762 2493 1833 oppidis
2522 1762 2738 1815 habitan·
2760 1782 2898 1814 rum.
2934 1764 3026 1813 no·

2015 1841 2157 1895 mani
2185 1854 2387 1894 veteres
2408 1841 2567 1894 etiam
2601 1842 2657 1895 in
2694 1843 2870 1895 bortis
2897 1842 3028 1894 babi-

2014 1933 2210 1974 tarunt.
2229 1918 2390 1992 Apud
2405 1921 2671 1985 Tacitum,
2695 1923 2850 1978 xvl,
2872 1922 3025 1973 Thra·

2015 2019 2129 2054 aeas
2157 2000 2214 2052 in
2241 2000 2411 2054 bortis
2434 2001 2652 2073 agebat,
2681 2019 2852 2073 quum
2884 2000 3024 2053 edve-

2016 2092 2351 2150 sperascente
2378 2083 2485 2172 jam
2523 2078 2610 2133 die
2641 2081 2876 2134 consulis
2899 2100 3024 2151 qu:-

2017 2171 2127 2212 stor
2153 2156 2220 2214 ad
2248 2179 2372 2213 eum
2401 2160 2603 2213 missus,
2629 2158 2791 2232 Apud
2818 2159 3023 2212 Sueten.

2019 2237 2316 2305 Claudius,
2359 2240 2557 2311 abjecta
2600 2258 2694 2312 spe
2735 2238 3022 2310 dignitatis

2016 2315 2086 2370 ad
2115 2317 2284 2371 otium
2314 2319 2575 2372 concessit
2597 2317 2799 2371 modo
2786 2340 2842 2371 m
2873 2321 3022 2371 bortis

2018 2408 2072 2449 et
2118 2397 2455 2459 suburbano,
2498 2399 2553 2450 in
2604 2398 3002 2469 campanieu·
3004 2428 3021 2439 ·

2017 2493 2164 2529 censu
2189 2436 2520 2531 delitesceiu.
2544 2478 2838 2531 lion-torum
2871 2476 3022 2528 adifi-

2017 2555 2097 2608 cia
2123 2555 2446 2628 voluptaria,
2467 2570 2519 2611 et
2541 2557 2858 2611 amenitatis
2873 2558 3020 2629 gratia

2018 2647 2276 2688 exstructa
2298 2675 2315 2701 ,
2352 2637 2407 2689 in
2445 2655 2561 2708 quo
2616 2639 2696 2690 sui
2756 2636 3021 2708 colligendi

2016 2733 2168 2768 causa
2204 2714 2548 2781 secedebant,
2594 2718 2820 2770 Romani
2866 2720 3020 2769 dictas

2018 2806 2307 2860 vocarunt,
2345 2795 2515 2848 Greci
2557 2809 2720 2860 zetas,
2754 2811 2811 2851 ut
2834 2810 3022 2850 constat

2019 2891 2081 2925 ex
2112 2873 2420 2944 Lampridio
2447 2877 2503 2929 in
2531 2875 2896 2946 Heliogabalo,
2934 2879 3023 2935 ἀπὸ

2019 2959 2103 3006 τοῦ
2159 2955 2273 3021 ζῇν,
2320 2955 2421 3007 nisi
2484 2955 2653 3008 fallor.
2703 2956 2993 3023 Brissonins
3013 2994 3025 3015 ,

2016 3032 2111 3084 lib.
2144 3033 2260 3095 111,
2286 3051 2402 3105 cap.
2436 3033 2525 3090 13.
2556 3034 2695 3088 nin..

2105 3130 2126 3163 ι
2139 3130 2191 3181 7.
2213 3112 2301 3164 Ex
2321 3115 2460 3166 horto
2474 3115 2635 3184 plebei
2650 3115 2912 3179 mucellam,
2927 3129 3020 3167 etc.

2016 3190 2095 3243 Ex
2118 3190 2289 3245 hortis
2319 3206 2372 3246 et
2402 3195 2635 3247 oleribus
2661 3194 2857 3248 fercula
2880 3212 3025 3246 venu-

2016 3271 2239 3324 stissime
2281 3272 2422 3343 apud
2467 3274 2709 3327 Plautum
2753 3276 2807 3326 in
2849 3273 3023 3327 Pseud.

2016 3368 2216 3422 coquus
2244 3366 2503 3406 memorat
2530 3372 2545 3406 ε
2583 3380 2606 3401 ι
2636 3353 2758 3406 Non
2783 3355 2904 3406 item
2929 3374 3024 3406 coe·

2013 3448 2135 3482 nam
2173 3429 2367 3484 condio
2391 3470 2408 3498 ,
2455 3444 2514 3486 ut
2556 3433 2649 3486 alii
2696 3435 2887 3504 coqui,
2925 3434 3021 3497 Qui

2016 3508 2152 3561 mihi
2187 3509 2398 3564 condita
2426 3525 2572 3584 pratu
2603 3513 2657 3564 in
2687 3513 2882 3583 patinis
2911 3532 3025 3582 pro—

2015 3587 2222 3641 ferunt:
2241 3591 2410 3644 Boves
2431 3591 2525 3662 qui
2546 3593 2798 3646 convivas
2818 3592 3023 3657 faciunt,

2017 3666 2311 3740 herbasque
2348 3684 2606 3742 aggerunt
2648 3690 2663 3723 ε
2711 3673 2814 3724 Eas
2853 3673 3024 3725 herhas

2015 3746 2194 3800 herbis
2214 3749 2330 3802 aliis
2349 3769 2512 3821 porro
2533 3749 2823 3816 condiunt,
2841 3751 3024 3803 ludunt

2015 3825 2357 3883 coriandrum
2384 3869 2400 3894 ,
2449 3829 2773 3896 feniculum,
2820 3832 3022 3894 allium,

2018 3919 2190 3959 atrum
2225 3909 2342 3962 olus
2374 3928 2388 3961 :
2420 3913 2720 3981 Apponuut
2743 3911 2983 3964 rumicen:
3002 3947 3018 3969 ‚

2012 3985 2319 4050 brassicam,
2334 3990 2530 4052 betam,
2548 3990 2763 4056 blitum,
2792 4004 2889 4044 etc.
2913 4018 2931 4036 -
2960 3993 3018 4042 D.

2012 4096 2091 4108 —
2120 4067 2206 4118 Ex
2250 4069 2387 4120 horto
2413 4069 2571 4138 plebei
2607 4071 2869 4122 macellum.
2913 4070 3018 4122 Non

2011 4144 2156 4198 aliud
2180 4147 2324 4217 plebi
2353 4149 2630 4203 macellum
2656 4168 2818 4237 qua'm
2854 4150 3019 4202 hortus
