3150 5150
774 579 935 655 268

1303 584 1381 653 C.
1438 582 1786 651 PLINII
1841 580 2068 649 NAT.
2123 582 2388 650 HIST.

778 728 931 785 actu
969 713 1258 807 spiritus.
1296 716 1335 783 J
1340 728 1559 783 ustum
1601 727 1703 783 est
1736 712 2075 809 proscindi
2115 712 2300 783 sulco
2341 699 2782 782 dodrantali¹⁵
2811 715 2930 809 ju-

776 844 1009 916 gerum
1034 844 1172 889 uno
1198 818 1305 888 die
1325 872 1345 907 ,
1376 821 1608 893 iterari
1637 820 2164 951 sesqui-jugerum
2183 874 2203 907 ,
2239 820 2296 889 si
2333 820 2418 889 sit
2451 818 2886 890 facilitas'soli
2905 848 2926 890 z

772 928 831 995 si
862 928 1079 996 minus
1098 981 1118 1014 ,
1162 925 1499 1020 proscindi
1536 928 1874 997 semissem
1899 924 1917 951 ¹
1949 980 1970 1014 ‚
2000 927 2224 995 iterari
2259 949 2472 995 assem
2491 977 2511 1010 ,
2541 926 2815 1021 quando
2851 942 2932 996 et

776 1030 1157 1102 animalium
1183 1030 1394 1101 labori
1422 1046 1662 1102 natura
1679 1030 1856 1129 leges
1881 1033 2131 1102 statuit.
2151 1034 2372 1101 Omne
2389 1056 2624 1101 arvum
2641 1031 2692 1072 ¹⁷
2719 1036 2928 1125 rectis

707 1154 739 1211 4
779 1138 1015 1225 sulcis,
1060 1164 1217 1207 mox
1261 1153 1329 1207 et
1366 1138 1648 1233 obliquis
1689 1125 1906 1235 subigi
1945 1137 2163 1207 debet.
2206 1141 2302 1207 In'
2321 1136 2597 1208 collibus
2615 1124 2662 1162 ¹⁸
2698 1153 2928 1208 trans—

776 1270 969 1315 verso
998 1258 1259 1315 tantum
1292 1260 1519 1315 monte
1554 1260 1803 1333 aratur,
1833 1243 1949 1315 sed
1983 1244 2186 1315 modo
2211 1246 2280 1313 in
2317 1246 2685 1339 superiora,
2713 1245 2926 1314 modo

780 1353 847 1419 in
892 1350 1203 1421 inferiora
1224 1402 1243 1435 ,
1296 1366 1628 1421 rostrante
1671 1376 1941 1421 vomere
1961 1349 2054 1419 '⁹2
2099 1364 2488 1446 tantumque
2525 1365 2627 1420 est
2667 1349 2924 1421 laboris

776 1513 827 1561 in
858 1520 1041 1561 temone
1060 1508 1185 1561 sedit
1196 1548 1215 1575 ,
1253 1520 1356 1562 etc.
1380 1526 1539 1581 quam
1569 1508 1649 1561 ibi
1671 1526 1800 1561 cou-

778 1589 909 1642 sule.
956 1589 1075 1641 Hoc
1118 1586 1252 1641 illud
1280 1600 1361 1641 est
1403 1587 1551 1659 quod
1603 1586 1804 1658 pariter

778 1667 1024 1739 precipit
1084 1667 1408 1731 Columella,
1462 1666 1553 1732 11,
1607 1685 1668 1731 a,
1701 1666 1801 1719 sub

782 1748 973 1799 finem:
995 1774 1017 1795 ι
1046 1746 1131 1800 Ne
1154 1746 1210 1799 in
1242 1744 1421 1799 media
1446 1758 1600 1816 parte
1619 1764 1803 1799 versu·

780 1845 853 1879 rn
891 1826 1117 1879 bubulcus
1158 1826 1435 1893 consistat;
1472 1824 1672 1898 detque
1716 1844 1803 1878 re-

670 1920 683 1932 ·
776 1906 960 1977 quiem
984 1907 1042 1959 iu
1069 1922 1300 1972 summa,
1336 1918 1399 1959 ut
1438 1924 1529 1979 spe
1564 1904 1802 1960 cessandi

780 2000 954 2039 totum
976 1986 1205 2059 spatium
1226 1984 1325 2039 bos
1343 1986 1531 2058 agilius
1550 1986 1800 2039 enitatur.

778 2066 999 2120 Sulcum
1030 2079 1211 2120 autem
1252 2064 1449 2119 ducere
1472 2065 1768 2136 longiorem
1787 2105 1804 2131 ,

774 2164 937 2218 quam
965 2145 1165 2218 pedum
1193 2164 1293 2199 cxx
1313 2184 1330 2213 ,
1351 2146 1678 2199 contrarium
1707 2164 1803 2216 pe-

780 2227 894 2279 cori
920 2239 1028 2291 est,
1068 2226 1323 2297 quoniam
1358 2226 1481 2297 plus
1508 2244 1660 2298 aequo
1690 2226 1806 2279 fati·

781 2316 968 2375 gutur,
994 2304 1090 2358 ubi
1126 2306 1269 2359 hunc
1306 2304 1529 2359 modum
1561 2304 1800 2359 excessit.

778 2384 963 2450 Quum
984 2396 1201 2438 ventum
1224 2384 1325 2439 erit
1340 2382 1409 2438 ad
1428 2403 1702 2439 versuram
1717 2424 1734 2449 ,
1747 2384 1804 2437 in

782 2465 1014 2535 priorem
1048 2476 1251 2533 partem
1277 2468 1459 2535 jugum
1493 2465 1764 2535 propellas
1784 2500 1803 2528 ‚

782 2555 836 2596 et
860 2544 1021 2596 boves
1048 2542 1321 2613 inhibeas,
1350 2556 1409 2597 ut
1440 2544 1575 2598 colla
1616 2562 1805 2598 eorum

780 2623 1149 2695 refrigescant,
1176 2641 1294 2695 qua!
1326 2625 1571 2678 celeriter
1607 2623 1804 2678 confla·

780 2714 961 2772 grant,
1010 2703 1113 2756 nisi
1157 2702 1362 2756 assidue
1393 2704 1805 2775 refrigerentur,

780 2793 879 2835 etc.
903 2807 926 2829 a
965 2783 1150 2836 Han.

867 2859 959 2916 ¹5.
996 2860 1145 2914 Sulca
1174 2861 1470 2914 ᾰοὼτιηεαίί.
1506 2862 1668 2916 Sulco
1700 2881 1804 2916 no-

782 2958 903 2993 vem
956 2941 1243 3014 pollicibus
1297 2943 1406 2996 alto
1430 2981 1445 3006 ,
1500 2959 1597 2996 seu
1651 2940 1804 3014 pedis

782 3020 965 3087 unius,
1008 3035 1069 3074 ut
1111 3034 1325 3088 vocant,
1368 3022 1541 3075 tribus
1583 3023 1800 3094 quartis.

780 3101 928 3154 Inter
953 3100 1088 3155 duos
1112 3120 1281 3174 porro
1306 3101 1479 3156 sulcos
1510 3113 1650 3156 terra
1677 3102 1804 3154 emi·

778 3197 936 3248 nens,
968 3179 1025 3234 id
1052 3183 1194 3236 enim
1218 3199 1438 3236 monere
1474 3200 1652 3253 operas
1685 3199 1804 3254 pre·

778 3260 911 3313 tium
933 3275 1043 3329 est,
1085 3280 1248 3334 porca
1268 3273 1488 3316 vocatur
1512 3279 1527 3314 ε
1554 3263 1660 3316 hoc
1689 3275 1802 3325 est,

783 3365 805 3386 ι
828 3339 1033 3396 medius
1066 3339 1343 3408 cumulus,
1375 3341 1469 3413 qui
1496 3342 1640 3395 inter
1660 3342 1800 3395 duos

780 3417 935 3472 latius
984 3419 1240 3474 distantes
1284 3422 1456 3474 sulcos
1476 3459 1492 3486 ,
1547 3446 1569 3467 ι
1618 3435 1680 3475 ut
1727 3423 1800 3475 ait

779 3497 992 3552 Colum.
1013 3501 1071 3565 1,
1107 3507 1169 3566 4,
1214 3524 1237 3544 ι
1260 3501 1451 3554 siccam
1478 3499 1658 3555 sedem
1688 3503 1799 3556 fru-

777 3576 939 3628 meuti
973 3580 1192 3648 praebet.
1226 3605 1249 3626 ι
1276 3577 1460 3633 Ham).

866 3659 959 3712 16.
988 3657 1247 3710 Pmsce'nda’
1267 3663 1517 3712 semissem.
1555 3659 1672 3712 Hoc
1691 3673 1798 3726 est,

774 3737 942 3808 jugeri
974 3749 1181 3808 partem
1214 3737 1443 3791 mediam
1478 3739 1752 3810 proscindi
1781 3761 1795 3791 ε

776 3816 955 3870 iterari
987 3829 1179 3870 totum.
1208 3820 1279 3870 As
1298 3819 1441 3870 enim
1465 3837 1565 3889 pro
1596 3819 1797 3889 integra

776 3913 1111 3968 quacumque
1142 3915 1202 3949 re
1230 3897 1517 3968 accipitur,
1554 3917 1714 3970 quam
1745 3899 1798 3952 in

776 3975 1011 4030 semisses
1052 3975 1207 4040 duas,
1250 3976 1541 4050 unciasque
1598 3977 1801 4031 duode-

776 4055 881 4108 cim
898 4092 915 4119 ,
946 4069 999 4109 et
1019 4069 1197 4128 partes
1218 4056 1374 4123 alias,
1402 4058 1475 4112 ita
1511 4071 1570 4110 ut
1605 4077 1799 4125 assem,

776 4136 977 4206 antiqui
990 4133 1316 4190 dividebant.
1338 4137 1517 4193 Hsun.

864 4231 951 4283 17.
1016 4217 1173 4270 Omne
1222 4237 1403 4274 arvum.
1464 4219 1794 4291 Praeceptum

1887 1506 2024 1561 illud
2063 1507 2426 1579 virgilianum
2485 1520 2593 1572 est,
2649 1526 2681 1561 e
2721 1508 2924 1581 Georg.

1887 1588 1942 1653 1,
1971 1586 2044 1657 95
2077 1604 2092 1641 :
2136 1614 2160 1635 ι
2181 1604 2358 1658 neque
2381 1587 2532 1639 illum
2562 1586 2724 1640 Flava
2755 1588 2925 1641 Ceres

1885 1666 1994 1719 alio
2021 1665 2386 1739 nequidquam
2411 1678 2606 1739 spectat
2641 1666 2886 1738 Olympo
2903 1692 2922 1731 ;

1885 1744 1955 1799 Et
2008 1747 2100 1816 qui
2128 1785 2144 1810 ,
2197 1746 2459 1816 proscisso
2517 1764 2638 1817 qum
2684 1748 2924 1801 suscitat

1887 1843 2098 1896 oquore
2115 1838 2258 1897 terga
2277 1864 2292 1891 ,
2321 1828 2522 1879 Rursus
2548 1826 2603 1877 in
2630 1826 2918 1897 obliquum

1887 1924 2042 1959 verso
2051 1906 2356 1977 prorumpit
2364 1918 2540 1959 aratro
2553 1941 2570 1965 .
2583 1904 2922 1977 Exercetque

1888 1985 2135 2057 frequens
2169 1984 2412 2039 tellurem
2432 2022 2448 2050 ,
2480 1998 2639 2056 atque
2684 1985 2919 2057 imperat

1889 2065 2042 2118 arvis.
2071 2089 2094 2111 ι
2122 2060 2224 2117 Adi
2247 2076 2300 2117 et
2315 2064 2525 2118 Colum.
2545 2065 2634 2129 11,
2665 2083 2693 2117 a
2723 2082 2738 2119 ε
2771 2092 2796 2112 ι
2819 2072 2922 2119 Bu-

1886 2144 2105 2197 bulcum
2133 2156 2310 2196 autem
2349 2162 2447 2215 per
2479 2143 2806 2214 proscissum
2838 2146 2920 2197 in-

1889 2222 2041 2295 gredi
2062 2235 2304 2295 oportet,
2335 2224 2654 2295 alternisque
2677 2225 2920 2277 versibus

1889 2304 2168 2375 obliquum
2187 2316 2370 2357 tenere
2393 2316 2625 2356 aratrum
2643 2342 2660 2368 ,
2689 2316 2744 2356 et
2761 2305 2921 2357 alter·

1887 2383 1972 2435 nis
1995 2398 2141 2437 recto
2161 2384 2431 2455 plenoque
2447 2383 2654 2437 sulcare
2679 2402 2694 2435 ε
2723 2384 2822 2437 sed
2847 2385 2917 2437 ita

1886 2462 2079 2516 necubi
2109 2460 2336 2517 crudum
2362 2462 2534 2517 solum
2563 2463 2834 2535 relinquat
2865 2477 2916 2516 et

1887 2543 2169 2597 immotum
2184 2583 2200 2609 ,
2222 2540 2369 2614 quod
2383 2542 2628 2615 agricola
2639 2562 2918 2597 scamnum

1887 2635 2097 2676 vocant.
2119 2651 2141 2671 ι
2176 2623 2358 2676 Huic.

1975 2723 1996 2756 1
2011 2705 2064 2758 8.
2083 2705 2142 2756 In
2153 2703 2373 2756 collibus.
2391 2703 2679 2775 Aliquanto
2697 2704 2914 2774 planius

1889 2782 2184 2836 Columella
2211 2781 2353 2836 idem
2377 2821 2393 2848 ,
2416 2783 2498 2848 11,
2551 2788 2582 2842 6
2615 2800 2630 2835 ε
2667 2805 2688 2826 ι
2726 2781 2836 2837 Sed
2864 2784 2918 2835 in

1887 2861 2088 2915 arando
2116 2861 2342 2916 maxime
2377 2875 2456 2915 est
2482 2861 2879 2916 observandum
2897 2901 2915 2926 ,

1887 2959 2098 3013 semper
2124 2954 2186 2994 ut
2212 2955 2534 2996 transversus
2559 2961 2718 2995 mons
2745 2943 2918 2995 sulce-

1888 3034 1992 3074 tur.
2058 3023 2194 3075 Nam
2239 3023 2338 3074 hac
2377 3021 2586 3075 ratione
2627 3019 2920 3076 difficultas

1885 3100 2194 3154 acclivitatis
2248 3100 2556 3172 infringitur
2581 3141 2597 3166 ,
2653 3103 2920 3173 laborque

1884 3179 2152 3251 pecudum
2183 3193 2236 3234 et
2265 3181 2548 3233 hominum
2587 3181 2918 3234 commodis-

1887 3259 2019 3314 sime
2059 3260 2133 3313 sic
2176 3260 2451 3313 minuitur.
2484 3261 2711 3314 Paulum
2737 3275 2920 3314 tamen

1887 3339 2328 3411 quotiescumque
2388 3340 2664 3393 iterabitur
2683 3379 2698 3406 ,
2747 3340 2918 3393 modo

1885 3419 1942 3472 iu
1977 3420 2226 3482 elatiora,
2270 3418 2438 3472 modo
2482 3419 2539 3471 in
2581 3419 2918 3492 depressiora

1886 3498 2046 3568 clivi,
2081 3499 2358 3571 obliquum
2391 3498 2473 3569 agi
2505 3498 2714 3552 sulcum
2752 3519 2922 3570 opor·

1885 3579 2046 3643 tebit,
2096 3590 2156 3632 ut
2181 3578 2237 3630 in
2267 3591 2546 3650 utramque
2579 3592 2788 3650 partem
2829 3598 2919 3631 re-

1889 3657 2213 3722 scindamus,
2243 3677 2340 3711 nec
2359 3655 2548 3710 eodem
2567 3658 2796 3730 vestigio
2817 3671 2920 3712 ter·

1887 3755 2001 3790 ram
2033 3737 2332 3790 moliamur.
2365 3763 2388 3784 =
2413 3737 2593 3790 Hsun.

1974 3836 2062 3886 19.
2097 3818 2356 3869 Rosa-ante
2401 3837 2608 3869 vomere.
2659 3819 2916 3870 Rostrum

1887 3897 2104 3969 oblique
2148 3896 2475 3969 impingente
2526 3915 2758 3950 vomere.
2811 3897 2917 3949 Vel

1887 3989 2114 4031 rostrato
2161 3977 2299 4029 forte
2339 3995 2554 4030 vomere
2594 3975 2732 4029 dixit
2749 4017 2765 4042 ,
2811 3975 2916 4028 hoc

1889 4070 1998 4122 est,
2057 4057 2313 4128 simplici,
2381 4074 2488 4108 non
2549 4057 2722 4109 aurito
2740 4095 2756 4122 ,
2807 4075 2917 4127 quo

1889 4149 2114 4190 utuntur
2129 4136 2184 4188 in
2205 4137 2392 4208 planis,
2417 4149 2630 4190 auctore
2654 4134 2915 4198 Palladio,

1887 4217 1926 4271 1.
1953 4235 1998 4271 c.
2031 4229 2132 4270 ext.
2159 4229 2260 4270 etc.
2285 4215 2468 4270 Hssn.
