3150 5150
779 508 924 592 408
1303 509 1380 578 C.
1437 509 1779 580 PLINII
1832 511 2055 580 NA'I.
2112 509 2365 578 flls'r

775 641 1028 735 gratior
1050 652 1398 724 autumno,
1415 641 1832 774 patinisque
1818 643 2136 727 maxime,
2162 655 2231 710 et
2260 641 2351 710 sic
2385 621 2654 734 quoque
2684 629 2907 708 virus⁴

773 745 868 815 1111
882 743 1291 816 intractabile
1311 759 1429 816 est.
1455 733 1832 818 Hibiscum⁵
1855 772 1896 817 a
1918 749 2253 844 pastinaca
2281 745 2647 876 gracilitate
2674 743 2905 833 distat,

778 851 1220 922 damnatum
1201 877 1270 920 in
1297 853 1510 938 cibis,
1545 853 1663 923 sed
1704 853 2045 924 medicinae
2080 851 2260 922 utile.
2303 855 2423 922 Est
2456 837 2563 920 et‘
2592 865 2911 970 quartum

781 983 990 1052 genus
1023 959 1090 1026 in
1121 957 1350 1028 eadem
1395 958 1815 1030 similitudine
1848 961 2241 1054 pastinaca,
2274 981 2473 1052 quam
2508 959 2719 1027 nostri
2746 955 2910 1026 Gal·

783 1063 973 1134 licam
1029 1077 1312 1151 vocant,
1365 1067 1583 1135 Groeci
1624 1091 1785 1136 vero
1830 1065 2093 1135 daneon
2130 1091 2147 1134 ε
2184 1065 2373 1158 cujus
2420 1087 2665 1160 genera
2706 1064 2907 1132 etiam

780 1169 1101 1264 quatuor⁷
1133 1169 1388 1240 secere:
1425 1171 1597 1240 inter
1624 1172 1875 1244 medica
1908 1170 2282 1240 dicendum.

717 1315 740 1350 t
885 1277 1210 1346 xxvm.
1251 1277 1429 1346 Siser
1454 1273 1553 1344 et¹
1592 1277 1807 1372 ipsum
1830 1277 2133 1347 Tiberius
2164 1278 2471 1371 princeps
2498 1273 2909 1362 nobilitavit,

780 1381 1084 1476 flagitans
1115 1381 1424 1452 omnibus
1459 1382 1649 1452 annis
1680 1409 1719 1452 e
1744 1384 2121 1454 Germania.
2158 1379 2499 1452 Gelduba²
2534 1377 2907 1476 appellatur

783 1485 1122 1558 castellum
1154 1487 1394 1558 Rheno
1417 1489 1799 1582 impositum
1816 1541 1836 1573 ,
1856 1489 1969 1558 ubi
1996 1489 2395 1584 generositas
2422 1489 2783 1582 praecipua.
2812 1489 2909 1555 Ex

781 1617 918 1688 quo
951 1605 1228 1689 apparet
1261 1593 1512 1688 frigidis
1533 1593 1695 1664 locis
1719 1597 2092 1664 convenire.
2124 1597 2305 1664 Inest
2330 1593 2743 1688 longitudine
2764 1617 2904 1662 ner-

781 1725 945 1783 vus,
973 1699 1090 1794 qui
1137 1698 1424 1770 decoctis
1459 1699 1861 1786 extrahitur,
1908 1699 2358 1770 amaritudinis
2400 1714 2623 1769 tamen
2666 1723 2905 1793 magna

781 1820 972 1901 parte
1003 1803 1232 1874 relicta
1259 1825 1273 1866 τ
1311 1829 1458 1898 quae
1491 1804 1705 1876 mulso
1732 1807 1799 1874 in
1818 1808 1981 1878 cibis
2010 1820 2395 1901 temperata,
2420 1807 2619 1874 etiam
2656 1805 2731 1873 in
2762 1829 2903 1906 gra-

782 1913 944 1982 tiam
971 1911 1268 1981 vertitur.
1295 1913 1559 1980 Nervus
1590 1911 1763 1982 idem
1794 1928 1863 1982 et
1892 1913 2243 2008 pastinacas
2270 1911 2525 2004 majori,
2554 1911 2899 1980 dumtaxat

785 2015 1126 2090 anniculae.
1153 2017 1380 2086 Siseris
1407 2032 1585 2086 satus
1620 2019 1955 2090 mensibus
1977 2018 2343 2102 februario,
2372 2019 2611 2087 martio
2630 2066 2650 2102 ,
2684 2016 2901 2111 aprili,

787 2139 1098 2220 augusto,
1139 2123 1540 2217 septembri,
1575 2123 1853 2194 octobri.

724 2264 747 2300 ι
891 2231 1150 2303 XXIX.
1221 2231 1497 2300 Brevior
1548 2230 1657 2300 his
1720 2247 1858 2319 est,
1922 2229 2038 2304 sed
2090 2231 2375 2323 torosior
2396 2228 2451 2318 ¹,
2494 2230 2900 2324 amariorque

787 2469 942 2520 satim
985 2455 1154 2536 (Pane.
1186 2465 1358 2540 digyn.
1395 2485 1516 2540 gen.
1555 2466 1666 2524 558
1696 2467 1796 2524 W.
1886 2467 1965 2531 11,
1997 2465 2107 2536 139
2130 2504 2147 2530 ,
2180 2467 2408 2536 Σίσαρον.
2440 2465 2679 2531 Nostris,
2717 2466 2899 2517 cher-vis.

789 2546 1037 2613 Oramus.
1065 2543 1250 2610 luam).
1285 2547 1389 2600 En.
1884 2545 2100 2601 leonem
2120 2543 2433 2601 Dodonoeu's
2462 2545 2681 2599 exbibet
2700 2564 2760 2617 p.
2784 2549 2898 2615 670.

868 2633 922 2690 4.
953 2626 1134 2691 Virus,
1164 2638 1270 2679 ete.
1294 2626 1506 2680 Scilicet
1529 2643 1705 2697 sapor.
1730 2625 1799 2681 Η.
1887 2627 2203 2698 Quanquam
2241 2642 2309 2679 sn
2349 2624 2477 2679 siser
2512 2626 2760 2691 Gracia,
2790 2642 2899 2678 cum

867 2704 921 2760 5.
961 2705 1227 2757 Humum.
1271 2705 1544 2759 Pastinaca
1584 2704 1803 2759 latifolia
1887 2706 2045 2759 sisere
2081 2704 2338 2759 Gelduba
2370 2706 2479 2758 sive
2524 2706 2897 2759 Germanorum

731 2780 739 2793 ⁸
782 2784 1032 2840 silvestris
1051 2782 1314 2838 Dodoni
1333 2784 1448 2839 hec
1469 2798 1547 2839 est
1559 2823 1576 2853 ,
1595 2803 1651 2857 p.
1670 2787 1801 2855 669.
1888 2784 1957 2839 sit
1996 2783 2173 2849 idem,
2216 2782 2527 2839 subdubitat
2570 2784 2896 2855 Angustias,

788 2866 974 2919 Panais
995 2884 1218 2934 sauuage.
1247 2864 1427 2917 nnn.
1703 2891 1710 2898 ·
1887 2876 2023 2936 part.
2052 2884 2111 2935 7,
2144 2882 2265 2937 pag.
2292 2882 2421 2917 ιιι.
2456 2863 2525 2918 Η.
2557 2894 2641 2905 -·
2668 2864 2805 2919 Sim
2833 2862 2899 2915 Se·-

867 2948 922 2999 6.
945 2946 1044 2998 Est
1059 2956 1109 2997 et
1129 2953 1366 3016 quar-eum.
1392 2944 1458 2996 In
1486 2962 1595 3015 quo
1614 2960 1805 3015 genere
1890 2963 2051 2997 sarum
2094 2936 2378 3012 (Peneond.
2417 2943 2589 3015 ‘'W-
2636 2962 2759 3014 gen.
2798 2944 2895 3007 544

787 3038 868 3079 est
907 3022 1042 3079 iliud
1085 3020 1229 3077 baud
1265 3036 1623 3095 postremum,
1656 3021 1804 3099 quod
1892 3020 2094 3079 Wiud.
2128 3022 2379 3089 Ombellae'f.
2402 3023 2435 3075 J
2442 3020 2590 3087 uss)
2622 3022 2732 3077 En.

785 3105 947 3176 vulgo
997 3116 1187 3157 notum
1241 3116 1420 3156 eameae
1461 3103 1707 3167 nomine,
1751 3114 1807 3157 et
1972 3122 2023 3155 α.
2060 3102 2301 3157 Gelduba.
2329 3102 2415 3155 Ex
2434 3102 2631 3156 Tacito
2654 3100 2897 3156 Gelduba

785 3182 942 3237 dauci
990 3182 1325 3237 officinarum
1345 3220 1363 3243 ,
1409 3196 1469 3236 ut
1509 3194 1649 3237 mete
1693 3184 1806 3235 Διι-

783 3262 1037 3333 guium,
1059 3273 1202 3334 part.
1229 3282 1291 3333 7,
1327 3280 1448 3334 pag.
1480 3279 1589 3331 ¹²9
1609 3301 1626 3325 ‚
1666 3280 1805 3333 pro·

785 3340 929 3395 dulci
957 3340 1166 3407 radice,
1190 3340 1405 3395 odorata
1422 3380 1438 3407 ‚
1461 3341 1624 3404 lutea,
1650 3342 1769 3395 rufa
1787 3379 1804 3407 ,

784 3420 870 3472 vel
891 3418 1162 3475 interdum
1187 3438 1483 3493 purpurea,
1501 3438 1657 3492 quam
1680 3438 1804 3474 cum

784 3498 955 3552 farina
973 3512 1027 3553 et
1045 3500 1166 3552 oleo
1191 3499 1390 3571 frigunt
1413 3498 1480 3553 ad
1501 3518 1805 3553 mensarum

783 3596 944 3643 usus,
967 3590 1061 3631 aut
1089 3590 1294 3632 coctam
1330 3580 1385 3632 in
1429 3590 1574 3633 aceto
1601 3592 1655 3632 et
1682 3579 1804 3633 oleo

785 3654 1063 3711 mandunt.
1087 3657 1390 3711 Tenuii'olia
1429 3658 1599 3711 sativa
1642 3659 1805 3728 pasti·

784 3754 918 3790 neca
943 3733 1142 3789 dicitur
1169 3734 1474 3797 Dodonoeo,
1499 3756 1554 3809 p.
1579 3741 1712 3807 667.
1733 3735 1801 3793 Η.

870 3835 924 3886 7.
965 3814 1120 3887 Cujus
1161 3833 1340 3885 genera
1382 3821 1526 3869 etiam
1578 3829 1801 3889 quatuor.

785 3900 866 3949 De
909 3894 994 3950 his
1030 3895 1268 3949 dicemus
1309 3896 1667 3969 opportunius
1704 3896 1801 3951 lib.

787 3977 966 4042 XXV,
993 3994 1113 4049 cap.
1143 3978 1246 4040 64,
1283 3976 1424 4031 inter
1451 3973 1663 4029 medica
1682 4016 1698 4040 ,
1741 3987 1803 4029 nt

787 4056 988 4109 Plinius
1012 4054 1102 4108 ait.
1131 4054 1312 4109 Hiar».

867 4135 1128 4193 XXVIII.
1170 4154 1220 4190 1.
1247 4134 1378 4189 Sim·
1409 4146 1473 4188 ee.
1499 4133 1799 4189 Dioscorid.

1890 3181 2048 3237 situm
2062 3181 2375 3254 agnovimus
2390 3180 2533 3235 baud
2546 3182 2739 3253 procul
2758 3182 2898 3234 fuisse

1890 3262 2123 3316 Novesio
2136 3300 2155 3326 ‚
2178 3262 2322 3335 Noeys
2336 3300 2353 3329 ,
2382 3262 2439 3313 in
2469 3262 2719 3315 citeriore
2742 3259 2896 3313 Rheni

1889 3342 2027 3411 ripa,
2045 3342 2140 3394 ubi
2160 3359 2305 3394 nunc
2325 3358 2491 3412 pagus
2511 3353 2589 3393 est
2610 3358 2735 3393 cum
2753 3338 2897 3409 prisci

1888 3420 2121 3473 nominis
2142 3420 2363 3492 vestigio
2388 3418 2540 3473 Geth.
2570 3416 2716 3473 vide
2740 3418 2893 3472 Tacit.

1890 3498 2030 3553 Hist.
2051 3499 2153 3564 IV,
2175 3518 2297 3571 pag.
2323 3498 2395 3569 95
2418 3516 2498 3570 sq.
2520 3500 2703 3554 cam
2726 3498 2896 3551 Rheno

1891 3578 2139 3649 imposita
2178 3580 2311 3633 scito
2353 3578 2586 3650 plurima
2630 3578 2822 3640 fuisse,
2849 3578 2899 3631 in

1890 3658 2085 3730 quibus
2126 3676 2357 3711 mmanoe
2399 3658 2649 3712 cohortes
2686 3654 2898 3730 prasidii

1892 3756 2047 3791 causa
2069 3738 2413 3792 excubarent.
2437 3738 2505 3789 In
2524 3738 2693 3791 Cone.
2714 3737 2899 3808 Agrip-

1891 3817 2138 3890 pinensi,
2204 3836 2344 3871 anno
2396 3816 2512 3881 346
2554 3835 2570 3869 :
2602 3840 2651 3874 ,ι
2680 3816 2896 3888 Epistola

1890 3897 2063 3968 plebis
2130 3896 2601 3968 Agrippinensium
2618 3933 2637 3961 ,
2704 3896 2796 3949 sed
2853 3906 2898 3947 et

1890 3977 2133 4029 omnium
2172 3989 2463 4030 castrorum
2500 3976 2799 4029 Germania
2831 3992 2898 4027 se·

1891 4054 2097 4109 cundo.
2118 4080 2141 4105 η
2174 4056 2357 4110 niun.

1970 4136 2175 4189 xxm.
2224 4155 2273 4191 ι.
2321 4137 2565 4193 Tor-osiae.
2604 4134 2897 4191 Carnosior·
