3150 5150
896 510 1213 581 LIBER
1264 510 1557 579 XVIII.

2147 513 2306 607 273⁰

191 642 429 713 sarculo
455 646 689 713 iterum
722 645 995 713 excitari
1028 647 1493 715 necessarium.
1523 645 1612 714 At
1641 646 1708 713 in
1738 646 2014 730 BactriS,
2035 646 2254 717 Africa
2271 700 2290 733 ,

194 754 459 844 Cyrene,
498 751 719 820 omnia
742 749 885 820 haec
902 773 1313 845 supervacua
1340 750 1499 821 fecit
1525 749 1935 845 indulgentia
1969 750 2134 837 caeli,
2163 768 2230 822 et
2251 776 2292 820 a

192 871 457 926 semente
490 880 627 927 non
661 857 787 925 nisi
812 844 1195 927 messibus¹⁵
1229 859 1297 927 in
1333 880 1555 926 aream
1605 855 1926 944 redeunt3
1966 859 2120 952 quia
2161 859 2290 929 sic-

194 966 333 1033 citas
354 976 615 1033 coercet
632 961 873 1031 herbas
891 1016 910 1049 ,
942 963 1165 1059 fruges
1194 976 1525 1033 nocturno
1555 978 1767 1033 tactas
1796 988 1946 1033 rore
1972 966 2290 1035 nutriens.

194 1067 479 1163 Virgilius
490 1054 541 1093 ¹⁶
560 1069 831 1140 alternis
854 1093 1109 1139 cessare
1133 1094 1291 1140 arva
1315 1069 1581 1139 suadet:
1613 1084 1680 1138 et
1704 1068 1837 1139 hoc
1853 1120 1872 1152 ‚
1892 1072 1945 1139 si
1959 1072 2296 1163 patiantur
2331 1091 2364 1143 3

194 1178 341 1245 ruris
366 1177 576 1270 spatia
596 1230 617 1263 ‚
653 1174 1065 1245 utilissimum
1100 1174 1335 1270 procul
1374 1176 1580 1245 dubio
1609 1190 1731 1245 est.
1777 1176 1978 1264 Quod
2007 1178 2065 1245 si
2099 1192 2300 1272 neget

196 1281 488 1369 conditio,
526 1282 630 1351 far
666 1280 1015 1352 serendum
1037 1335 1057 1367 ‚
1096 1283 1273 1352 unde
1307 1297 1374 1352 et
1409 1281 1710 1376 lupinum
1731 1310 1763 1370 ‚·
1783 1296 1899 1351 aut
1933 1280 2141 1371 vicia,
2185 1298 2300 1353 aut

197 1386 321 1457 faba
348 1387 607 1459 sublata
637 1390 769 1459 sint
788 1440 807 1472 ‚
845 1402 913 1456 et
940 1413 1087 1483 quae
1120 1403 1363 1459 terram
1403 1387 1652 1458 faciant
1680 1386 2019 1457 laetiorem.
2053 1392 2134 1457 In
2169 1390 2300 1483 pri-

198 1496 417 1588 misque
458 1508 529 1563 et
564 1495 701 1565 hoc
732 1493 1095 1565 notandum
1118 1544 1137 1579 ‚
1175 1494 1477 1590 quaedam
1507 1507 1784 1589 propter
1825 1493 1949 1562 alia
1994 1496 2121 1564 seri
2157 1495 2300 1565 obi·

198 1613 311 1687 ter3
348 1599 459 1670 sed
498 1624 737 1695 parum
773 1603 1145 1697 provenire.
1167 1603 1374 1696 priori
1416 1598 1761 1671 diximus¹⁷
1807 1599 2176 1689 volumine,
2213 1624 2299 1671 ne

198 1705 393 1775 endem
429 1710 671 1803 saepius
703 1707 1053 1778 dicantur:
1094 1706 1451 1801 plurimum
1486 1708 1664 1777 enim
1692 1706 1896 1777 refert
1927 1705 2052 1777 soli
2084 1707 2302 1801 cujus-

198 1836 303 1904 que
328 1816 519 1883 ratio.

282 1921 385 1989 L1.
426 1914 671 2010 (1111.)
716 1922 964 1991 Civitas
988 1919 1229 1989 Africae
1268 1921 1336 1987 in
1373 1920 1608 1989 mediis
1638 1921 1889 2006 arenis,
1924 1919 2298 2014 petentibus
2341 1953 2363 1986 1

198 2026 387 2117 Syrtes
418 2027 797 2120 Leptinque
828 2050 1171 2121 magnam,
1217 2040 1495 2095 vocatur
1523 2028 1788 2120 Tacape
1810 2024 1856 2113 ¹,
1892 2023 2066 2095 felici
2105 2049 2304 2120 super

264 2246 341 2297 15.
362 2244 477 2298 Non
506 2247 605 2297 m‘se'
626 2245 865 2297 messibus.
913 2246 1029 2297 Hoc
1074 2256 1151 2298 est
1168 2284 1185 2310 ,

198 2324 345 2376 mis
378 2337 640 2395 tempore.
680 2356 761 2369 --
794 2326 868 2377 Ee
894 2344 925 2375 a
967 2336 1184 2377 semente.

196 2402 247 2453 In
278 2404 419 2457 libs-i·
456 2404 715 2457 hactenus
768 2401 922 2457 editis
942 2443 956 2464 ,
1002 2408 1193 2456 nonnisi

196 2485 305 2534 uis
323 2484 577 2535 mensibus.
595 2486 667 2537 At
681 2502 782 2537 vox
806 2502 865 2536 ea
886 2488 1023 2535 nonis
1043 2484 1191 2537 abeat

196 2579 221 2614 a
240 2562 377 2618 MSS.
406 2564 832 2637 exemplaribus,
858 2564 991 2636 neg.
1028 2563 1186 2619 colb,

197 2639 347 2696 Chim.
390 2655 496 2696 etc.
528 2645 815 2716 palamque
844 2657 922 2697 est
966 2644 1188 2698 crevisse

196 2739 285 2773 eam
300 2741 357 2775 ex
374 2723 673 2794 superioria
688 2724 929 2777 vocabuli
945 2764 960 2787 ,
982 2727 1190 2789 nonnisi,

194 2817 419 2873 perquam
478 2803 787 2876 importuna
851 2803 1186 2875 repetitione.

194 2880 399 2934 Manibus
419 2901 554 2936 vero
582 2883 727 2936 haud
752 2895 1061 2938 cunctanter
1098 2901 1186 2936 re-

193 2959 499 3014 nibendnm
526 2980 666 3028 esse,
693 2975 755 3015 ut
779 2962 1001 3017 fecimus
1017 3000 1035 3028 ,
1072 2981 1186 3015 sua-

193 3037 264 3093 ‹let
282 3053 387 3092 tum
418 3042 627 3094 Plinius
651 3043 792 3114 ipae,
824 3055 940 3096 tum
970 3043 1182 3096 Colum.

192 3119 405 3185 henim,
430 3121 532 3174 lib.
577 3122 660 3185 11,
696 3139 809 3192 cap.
864 3140 962 3185 ιι,
992 3122 1085 3176 ubi
1116 3120 1185 3174 de

190 3199 437 3256 ”tutione
459 3201 603 3272 agit:
632 3225 655 3248 ι
678 3199 783 3254 Sed
798 3219 898 3254 nec
910 3200 1054 3256 istud
1072 3201 1187 3256 ubi·

188 3295 273 3348 que
284 3319 300 3343 ‚
316 3280 519 3351 inquit,
532 3279 656 3334 fieri
672 3299 975 3348 ceuoemnu
997 3299 1185 3356 verum

188 3355 458 3416 incolatum
496 3359 881 3416 consuetudine
925 3361 1023 3414 uti.
1050 3361 1188 3412 Sunt

188 3437 305 3492 enim
344 3439 631 3510 regionum
674 3439 892 3512 propria
924 3457 1145 3507 munera
1164 3472 1183 3500 ‚

186 3516 301 3572 sicut
338 3520 565 3591 AEgypti
612 3531 667 3574 et
711 3518 903 3573 Africa
925 3559 941 3586 ,
990 3521 1185 3591 quihus

184 3599 385 3666 agricola
410 3611 539 3670 post
565 3612 884 3662 sementem,
910 3611 1030 3652 ante
1047 3616 1185 3652 mes·

182 3693 275 3728 nem
300 3691 529 3748 segetem
554 3697 665 3732 non
690 3679 917 3750 attingit,
931 3679 1183 3750 quoniam

182 3756 280 3810 celi
306 3756 550 3810 conditio
569 3797 586 3823 ,
618 3772 671 3811 et
710 3771 861 3812 term
886 3757 1094 3812 bouitas
1120 3775 1182 3811 ea

181 3849 273 3901 ut,
295 3849 357 3889 ut
379 3837 474 3890 vix
502 3837 609 3890 ulla
649 3837 817 3892 herba
858 3850 1041 3902 exeat,
1078 3837 1185 3891 nisi

180 3929 237 3966 ex
257 3917 459 3970 seuniae
477 3917 619 3988 jacto
636 3935 652 3971 ε
670 3918 783 3970 aive
794 3917 919 3990 quia
936 3917 1045 3973 rari
1061 3931 1189 3971 sunt

178 3992 359 4049 inbre.
374 4032 393 4060 ‚
428 4015 521 4050 neu
546 3996 673 4068 quia
698 3995 920 4068 qualitas
942 3996 1095 4051 humi
1108 3997 1185 4051 sic

180 4090 227 4124 se
266 4075 559 4130 cultoribus
604 4077 823 4148 prebet.
847 4102 871 4123 ι
926 4077 1184 4131 Preterea

180 4151 317 4220 facit,
336 4167 401 4208 ut
424 4153 563 4220 dixi,
593 4154 651 4209 id
675 4153 825 4227 quod
846 4156 959 4228 ipae
985 4156 1185 4210 Plinius

318 4267 446 4334 VI.

1276 2244 1521 2317 nuperius
1562 2242 1850 2296 insinuavit
1875 2240 1944 2297 de
1979 2244 2200 2315 AEgypti
2225 2245 2307 2297 in-

1276 2325 1407 2377 colis
1422 2361 1440 2390 ‚
1458 2342 1506 2375 c.
1527 2331 1598 2393 47
1622 2342 1636 2374 :
1656 2322 1903 2394 ‹Reliq‘ua
1923 2340 2071 2393 para,
2105 2324 2277 2395 inquit
2291 2364 2310 2390 ‚

1277 2409 1388 2457 non
1412 2402 1514 2456 nisi
1535 2420 1658 2455 cum
1677 2400 1811 2455 falce
1835 2420 1956 2454 arva
1972 2402 2120 2467 visit,
2146 2406 2308 2473 paulo

1276 2495 1395 2535 ante
1418 2480 1672 2535 kalendas
1695 2481 2200 2553 apriles:peragitur
2221 2502 2309 2539 au-

1273 2575 1385 2618 tem
1412 2562 1593 2618 messis
1610 2561 1774 2616 maio.
1803 2588 1824 2610 ι
1853 2560 1996 2628 Quid
2013 2560 2160 2634 quod
2177 2564 2306 2618 etin

1276 2642 1427 2698 MSS.
1462 2641 1647 2696 iisdem
1688 2661 1799 2694 non
1835 2645 1886 2693 in
1915 2662 2076 2694 aream
2092 2682 2107 2707 ,
2138 2641 2231 2698 aed
2256 2649 2308 2697 in
2365 2670 2370 2679 ·

1277 2741 1391 2774 area
1413 2721 1675 2793 legimus?
1697 2726 1827 2774 utin
1847 2741 1964 2774 arva
1985 2723 2091 2794 legi
2113 2725 2308 2796 proba·

1274 2803 1433 2855 bilius
1460 2802 1651 2855 merito
1676 2801 1910 2872 cuipiam
1937 2801 2200 2856 videatur.
2232 2803 2299 2857 Η.

1360 2884 1447 2936 16.
1478 2882 1738 2952 Virgilius.
1763 2880 1960 2952 Georg.
1983 2882 2038 2946 1,
2061 2901 2199 2935 vera.
2228 2903 2296 2952 71

1270 2980 1351 3032 sq.
1396 2987 1419 3009 ι
1442 2961 1676 3014 Alternis
1719 2957 1863 3012 idem
1894 2973 2070 3014 tonsas
2098 2979 2300 3014 cessare

1270 3042 1484 3094 novales
1496 3079 1513 3104 ,
1530 3036 1831 3111 Et‘segnem
1849 3041 2048 3109 patiere
2073 3040 2176 3093 situ
2201 3040 2302 3093 du·

1271 3139 1475 3174 rescere
1490 3137 1764 3190 campum.
1775 3120 1884 3170 Aut
1896 3119 1972 3171 ibi
1989 3118 2124 3172 flava
2140 3137 2296 3184 seres,

1272 3213 1474 3254 mutato
1504 3198 1711 3264 sidere,
1748 3199 1887 3251 farra
1911 3234 1927 3261 ,
1974 3196 2116 3250 uude
2146 3198 2295 3268 prius

1273 3280 1453 3333 latum
1483 3279 1673 3350 siliqua
1699 3289 1978 3348 quassante
2025 3277 2299 3347 legumen,

1272 3373 1365 3412 aut
1396 3372 1580 3412 tenues
1628 3358 1763 3409 fetus
1811 3355 1992 3424 vicie,
2031 3357 2302 3428 tristisque

1273 3437 1446 3509 lupini
1485 3436 1770 3492 sustuleris
1797 3435 2004 3506 fragiles
2045 3435 2296 3502 calamos,

1270 3518 1565 3587 silvamque
1589 3528 1883 3570 sonantem.
1905 3541 1928 3562 ι
1965 3515 2152 3570 Haut).

1359 3615 1447 3667 ¹7·
1481 3596 1649 3649 Paion·
1677 3596 1905 3648 diximus.
1928 3594 2094 3648 Libro
2117 3613 2294 3667 super.

1272 3676 1429 3729 initio
1469 3695 1587 3748 cap.
1633 3695 1666 3746 7
1696 3694 1710 3728 z
1743 3701 1766 3724 ι
1794 3675 1908 3728 Nec
1941 3693 2053 3728 non
2089 3688 2144 3728 et
2174 3675 2298 3728 satis

1271 3755 1586 3827 quibusdam
1612 3755 1737 3826 ipsis
1756 3755 1900 3826 pasci
1925 3767 2120 3807 terram
2141 3751 2294 3808 dixit.

1274 3835 1509 3907 segetem
1555 3847 1846 3888 stercorant
1897 3836 2074 3906 fruges
2098 3872 2114 3897 ,
2153 3834 2295 3905 lupi·

1274 3933 1433 3982 num,
1469 3915 1616 3981 faba,
1643 3915 1808 3980 vicia,
1839 3926 1942 3968 etc.
1968 3940 1990 3961 ι
2027 3910 2208 3964 Hum-

1353 3995 1442 4050 LI.
1480 4013 1532 4048 x.
1563 3997 1778 4066 Tacape.
1801 3994 1974 4065 Supra
2005 3991 2101 4044 lib.
2125 3991 2292 4054 XVI,

1273 4093 1392 4145 cap.
1429 4095 1495 4144 ²7
1518 4112 1537 4138 ‚
1573 4075 1707 4127 vitea
1747 4073 1905 4128 etiam
1947 4070 2150 4124 triten-as
2183 4087 2295 4122 ease

1272 4154 1482 4209 docens.
1505 4179 1527 4202 ιι
1543 4153 1660 4206 Hoc
1678 4165 1876 4218 autem,
1895 4149 2098 4221 inquit,
2120 4147 2296 4202 evenit

1941 4260 2028 4327 18
