3150 5150
782 518 921 600 284

1316 493 1394 587 ‘c.
1444 518 1782 589 PLINII
1831 519 2044 589 NAT.
2095 517 2358 587 ms‘r.

776 651 943 736 hoc,
987 665 1063 719 ut
1106 675 1239 745 quo
1276 652 1411 721 vita
1452 676 1688 721 eorum
1729 666 1990 723 constet
2025 672 2040 717 ε
2073 652 2460 745 aestivasque
2508 649 2704 719 alites
2755 673 2934 742 prae·

710 774 741 826 3
780 758 1026 852 posteri
1050 772 1167 825 aut
1187 760 1593 854 praeproperi
1614 760 1866 854 rigores
1884 772 2158 843 necant,
2175 756 2489 827 hibernas
2515 770 2742 827 aestus.
2769 755 2936 825 Ideo

780 860 1131 958 Virgilius⁷
1176 866 1539 934 errantium
1593 890 1856 961 quoque
1897 864 2186 935 siderum
2239 865 2560 933 rationem
2609 862 2936 932 ediscen-

779 967 931 1038 dam
974 970 1273 1065 praecipit
1290 1024 1310 1057 ‚
1369 970 1732 1041 admonens
1783 970 2273 1041 observandum
2333 968 2587 1063 frigidae
2641 971 2932 1039 Sami-ni

781 1072 982 1145 stellae
1021 1078 1390 1145 transitum.
1436 1078 1608 1146 Sunt
1631 1080 1744 1172 qui
1775 1078 2211 1148 certissimum
2246 1077 2420 1145 veris
2449 1075 2788 1145 indicium
2829 1098 2932 1143 ar-

781 1180 1113 1250 bitrentur
1153 1182 1239 1251 ob
1278 1182 1731 1253 infirmitatem
1759 1182 2060 1253 animalis
2080 1236 2097 1263 ‚
2118 1183 2465 1279 papilionis
2483 1196 2930 1277 proventum.

778 1288 861 1356 Id
905 1312 988 1356 eo
1024 1289 1168 1382 ipso
1204 1276 1428 1359 anno'

1430 1342 1450 1375 ‚
1494 1314 1702 1385 quum
1737 1302 2346 1361 commentaremur
2383 1288 2559 1374 haec,
2607 1302 2934 1357 notatum

778 1408 912 1479 est,
952 1408 1353 1489 proventum
1402 1419 1633 1465 eorum
1683 1410 1786 1465 ter
1833 1397 2114 1491 repetito
2159 1393 2448 1490 frigore⁹
2481 1395 2932 1481 exstinctum,

780 1499 1193 1595 advenasque
1208 1500 1563 1571 volucres¹⁰
1589 1526 1648 1571 a.
1667 1502 1735 1572 d.
1758 1526 1830 1572 v1
1857 1500 2170 1571 kalendas
2191 1500 2502 1570 februarii
2529 1525 2724 1595 spem
2753 1503 2934 1569 ven's

707 1634 741 1689 ⁴
778 1604 1067 1676 attulisse
1084 1653 1107 1694 .,
1152 1632 1309 1677 mox
1352 1609 1704 1679 saevissima
1739 1609 1959 1678 hieme
1999 1607 2425 1677 conflictata&
2456 1610 2588 1676 Res
2625 1632 2930 1702 anceps:

776 1714 1101 1843 primumi,
1137 1715 1429 1783 omnium
1467 1738 1503 1781 a
1542 1714 1703 1785 caelo
1747 1717 1882 1810 peti
1927 1712 2140 1807 legem
2180 1740 2196 1783 :
2234 1712 2472 1783 deinde
2512 1738 2662 1784 eam
2719 1738 2930 1809 argu·

776 1817 1075 1887 mentis¹¹
1118 1844 1259 1889 esse
1295 1819 1741 1914 quaerendam.
1775 1823 1991 1915 Super
2020 1821 2244 1889 omnia
2279 1834 2378 1889 est
2413 1816 2728 1889 mundi¹²

2765 1846 2930 1890 con-

775 1926 1053 2013 vexitaS,
1092 1940 1549 2020 terrarumque
1587 1925 1766 2021 globi
1801 1926 2216 2013 differentia,
2259 1925 2492 1995 eodem
2525 1926 2760 1995 sidere
2799 1926 2928 1995 alio

775 2043 1075 2127 tempore
1098 2030 1241 2101 aliis
1268 2034 1604 2128 aperiente
1631 2058 1700 2102 se
1731 2033 2083 2129 gentibus:
2067 2056 2245 2127 ·quo
2274 2031 2352 2101 fit
2381 2047 2458 2102 ut
2487 2018 2754 2102 causa¹³
2789 2034 2928 2128 ejus

706 2138 714 2145 “
772 2162 909 2205 non
940 2138 1169 2208 iisdem
1197 2138 1427 2208 diebus
1457 2139 1704 2233 ubique
1731 2137 1964 2208 valeat.
1986 2138 2314 2207 Addidere
2349 2136 2834 2209 difficultatem
2867 2156 2930 2208 et

774 2258 1077 2314 auctores
1102 2243 1376 2315 diversis
1398 2247 1467 2314 in
1494 2244 1658 2315 locis
1684 2245 2135 2330 observando,
2162 2270 2319 2313 mox
2353 2246 2549 2313 etiam
2579 2247 2650 2313 in
2683 2246 2926 2314 iisdem

774 2349 1033 2420 diversa
1082 2351 1444 2445 prodendo.
1500 2354 1664 2421 Tres
1715 2368 1937 2422 autem
1985 2351 2170 2421 fuere
2191 2338 2240 2381 ¹⁴
2278 2365 2510 2420 sectae:
2556 2350 2927 2439 Chaldaea,

856 2562 1044 2634 7.ldeo
1070 2562 1325 2632 Virgilius.
1346 2562 1541 2632 Georg.
1565 2562 1625 2629 I,
1646 2561 1790 2618 335·
1777 2581 1792 2595 ·

775 2667 798 2687 ι
818 2643 935 2696 Hoc
962 2655 1230 2705 metuens,
1256 2642 1371 2694 caeli
1400 2661 1606 2696 menses
1646 2655 1700 2695 et
1727 2643 1798 2695 si-

774 2721 901 2774 dera
931 2739 1109 2776 serva:
1127 2719 1339 2792 Frigida
1354 2721 1569 2775 Saturni
1586 2741 1696 2794 quo
1721 2741 1798 2775 se-

774 2819 829 2856 se
851 2800 1001 2855 stella
1026 2814 1288 2872 receptet,
1314 2813 1415 2856 etc.
1439 2827 1461 2847 ι
1492 2805 1676 2856 Han.

858 2885 912 2936 8.
942 2881 1011 2934 Id
1040 2901 1095 2932 eo
1142 2886 1244 2950 ipso
1269 2899 1412 2934 anno·
1446 2881 1612 2934 Urbis
1649 2883 1796 2948 830,

776 2973 837 3014 ut
864 2960 1093 3014 diximus
1116 2961 1212 3013 lib.
1244 2960 1400 3025 XIV,
1432 2979 1546 3031 cap.
1576 2961 1630 3014 5.
1659 2960 1728 3014 Η.

856 3061 909 3112 9.
957 3042 1245 3093 Ρνονεηειιηι
1283 3060 1443 3093 eorum
1485 3053 1558 3092 ter
1601 3044 1798 3112 repetito

763 3122 956 3192 frigore
979 3123 1277 3173 exstinctum.
1303 3121 1606 3192 Elegantius
1624 3134 1676 3174 et
1691 3139 1800 3176 ma·

774 3200 854 3272 gis
885 3221 951 3253 ex
988 3198 1375 3253 consuetudine
1409 3201 1650 3254 Pliniana
1674 3218 1798 3254 casu

775 3279 1082 3346 auferendi,
1114 3292 1347 3350 proventu
1386 3299 1545 3332 eorum
1569 3293 1643 3332 ter
1665 3299 1796 3350 repe-

777 3365 866 3412 tito
882 3361 1075 3428 frigore
1100 3364 1360 3423 exstincto,
1388 3373 1440 3413 et
1479 3362 1642 3413 verba
1679 3376 1797 3430 qua

776 3439 937 3510 paulo
962 3453 1082 3491 ante
1105 3437 1432 3508 praecedunt,
1458 3439 1519 3492 ob
1546 3439 1800 3510 infirmita-

777 3530 869 3570 tem
894 3518 1146 3582 animalis,
1174 3537 1283 3571 non
1304 3537 1414 3572 esse
1432 3519 1674 3572 Pliniana
1691 3519 1800 3572 exi-

775 3598 958 3661 stimo,
980 3595 1073 3650 sed
1095 3599 1475 3668 expositionem
1498 3617 1657 3670 super
1676 3617 1796 3652 ver·

773 3679 903 3730 bum
920 3677 1353 3731 exstincto.P18·r.

862 3775 946 3809 ιο.
974 3756 1293 3828 Adoeuasque
1330 3757 1564 3809 volucres.
1593 3756 1792 3810 Hiran·

676 3877 680 3880 -
774 3835 945 3890 dines.
974 3836 1156 3888 Ham).

860 3935 883 3970 1
902 3935 951 3970 1.
968 3917 1299 3985 Argumentis.
1329 3915 1501 3969 Certis
1530 3915 1699 3987 signis
1723 3916 1793 3968 Η.

861 4013 945 4050 12.
973 3996 1167 4049 Mundi.
1191 3995 1342 4049 Caeli.
1362 3997 1545 4049 Ham).
1562 4027 1644 4036 —
1662 3996 1796 4050 Con-

776 4079 969 4128 vesitus.
1001 4075 1239 4128 Gronov.
1273 4087 1327 4128 ct
1367 4076 1435 4129 al.
1463 4088 1585 4128 ante
1627 4074 1793 4128 Hard.

773 4161 1081 4208 convexitate.
1114 4157 1214 4208 En.

1972 2582 1995 2616 1
2007 2568 2056 2616 3.
2081 2561 2263 2616 Causa.
2279 2561 2379 2614 Vi·
2397 2564 2514 2633 ejus
2531 2573 2584 2615 et
2601 2560 2924 2616 efficientia.

1970 2661 1993 2696 1
2008 2650 2061 2707 4.
2083 2644 2202 2695 Tres
2227 2642 2553 2709 atatemsum.
2569 2639 2738 2712 Apud
2763 2643 2927 2696 Chal-

1884 2721 2028 2776 daeos
2055 2721 2348 2793 astrologia
2371 2722 2706 2774 inventorem
2755 2722 2922 2774 fuisoe

1885 2801 2288 2865 Abrahamum‚
2321 2814 2505 2854 auctor
2531 2815 2611 2856 est
2657 2801 2927 2855 Eusebius

1885 2881 2056 2953 Praep.
2103 2883 2217 2948 IX,
2265 2898 2331 2951 17
2353 2917 2369 2939 ‚
2411 2894 2465 2933 et
2503 2881 2736 2934 Remu·
2779 2879 2926 2952 apud

1886 2960 2094 3032 ipsum,
2118 2981 2166 3014 c.
2205 2964 2293 3015 ¹6.
2323 2962 2404 3015 De
2433 2959 2736 3025 chaldaeis,
2759 2965 2928 3032 ὣς]-

1885 3041 2114 3112 ptiisque
2155 3041 2347 3094 Cicero
2385 3038 2455 3092 de
2489 3040 2682 3094 Divin.
2715 3060 2779 3094 ιι.
2812 3041 2920 3110 93:

1892 3147 1915 3170 ι
1935 3120 2170 3192 AEgyptii
2209 3133 2262 3173 et
2297 3119 2578 3191 Babylonii
2609 3121 2670 3172 in
2689 3138 2926 3192 ,campo-

1883 3220 2005 3254 rum
2023 3199 2321 3272 patentium
2349 3201 2658 3270 aqum-ibus
2677 3199 2928 3253 habitan·

1885 3293 1980 3344 tes,
2012 3297 2178 3350 quum
2206 3296 2270 3330 ex
2298 3291 2436 3331 terra
2461 3278 2599 3332 nihil
2625 3279 2926 3344 emineret,

1883 3358 2033 3431 quod
2070 3357 2513 3429 contemplationi
2547 3359 2669 3412 coli
2702 3359 2926 3413 officere

1883 3450 2088 3509 posset,
2135 3455 2348 3490 omnem
2375 3456 2560 3490 curam
2590 3437 2652 3490 in
2681 3437 2924 3491 siderum

1885 3519 2187 3590 cognitione
2215 3531 2576 3588 posuerunt.
2622 3517 2804 3572 Graeci
2855 3517 2924 3570 ab

1885 3611 2109 3670 utraque
2137 3610 2290 3668 gente
2321 3595 2640 3651 calendaria
2663 3611 2719 3651 et
2735 3599 2926 3668 ἡμμ-

1882 3682 2014 3772 >zo-fii
1997 3697 2050 3730 ια
2075 3693 2342 3769 accepere.
2367 3677 2454 3730 Sic
2475 3677 2623 3730 enim
2637 3678 2830 3730 Theon
2858 3676 2928 3729 de

1882 3759 1950 3812 iis
1971 3756 2180 3820 scribit,
2204 3757 2260 3807 in
2284 3759 2558 3826 Διοσημεῖα
2582 3759 2767 3810 Arati:
2787 3746 2926 3810 ἐδί-

1883 3823 2446 3901 ξαντοδὶαύτὰῖῦιληνες
2459 3834 2928 3908 παρὰΔῖγυπ-’Ξαν,

1883 3917 1967 3971 καὶ
1986 3911 2254 3970 Χαλδαίων
2259 3913 2928 3974 .Cbaldaicaanniforma‚

1885 3995 2070 4050 eadem
2093 4015 2153 4048 ac
2177 3996 2212 4047 J
2215 3993 2400 4053 udaica
2423 4007 2523 4050 est.
2562 3997 2646 4048 De
2669 3996 2924 4067 AEgyptia

1885 4089 2062 4130 autem
2079 4088 2132 4128 et
2161 4075 2348 4128 Graesa
2371 4088 2582 4140 vetere,
2603 4075 2728 4129 vide
2743 4077 2924 4129 Hero-

1885 4154 2096 4214 dotum,
2127 4153 2222 4208 lib.
2257 4155 2331 4207 11.
2369 4156 2552 4207 Ham).
