3150 5150
819 570 1138 637 LIBER
1190 570 1493 640 XVIII.

2079 570 2229 643 265

131 705 241 776 seri
275 651 443 769 anno
486 698 692 770 facilis
723 699 845 770 soli
872 700 1340 819 quadragena
1318 725 1584 796 jugera,
1624 700 1911 781 difficilis
1940 704 2192 774 tricena
2210 759 2254 792 ,

128 815 350 906 justum
384 822 497 876 est.

226 916 457 983 XLIX.
514 901 765 1002 (xlx.)
818 916 897 982 In
943 913 1193 983 arando
1231 938 1637 1009 magnopere
1679 914 2076 984 servandum
2135 932 2233 986 est
2277 948 2296 982 ι

135 1018 402 1092 Catonis¹
424 1017 807 1088 oraculum:
837 1019 1018 1108 Quid
1041 1034 1141 1089 est
1159 1020 1496 1116 primum?
1523 1024 1778 1116 Agrum
1805 1021 1976 1091 bene
1994 1020 2231 1092 colere.

135 1128 289 1217 Quid
330 1124 741 1195 secundum?
780 1130 957 1195 Bene
999 1149 1212 1195 arare.
1252 1126 1434 1215 Quid
1467 1129 1771 1195 tertium
1756 1119 1785 1173 ἶ)
1832 1129 2228 1211 stercorare.

139 1230 344 1304 Sulco'
366 1232 550 1300 vario
586 1255 672 1301 ne
698 1256 862 1301 ares.
900 1233 1317 1327 Tempestive
1351 1257 1519 1301 ares.
1541 1220 2042 1327 Tepidioribus³
2071 1233 2232 1304 locis

135 1367 169 1410 a
199 1341 415 1408 bruma
455 1320 837 1432 proscindi⁴
895 1362 1053 1407 arva
1084 1352 1397 1433 oportet:
1440 1338 1889 1461 frigidioribus
1925 1340 2009 1408 ab
2035 1342 2233 1434 aequi·

139 1448 331 1514 noetio
364 1468 610 1530 vern03
653 1457 720 1513 et
757 1446 1080 1513 maturius
1131 1446 1306 1516 sicca
1342 1430 1647 1564 regione,
1701 1469 1899 1539 quam
1935 1445 2234 1516 humida.

138 1551 429 1620 Maturius
456 1549 662 1619 densa
690 1564 868 1620 terra
884 1575 1139 1645 ‚quam
1178 1550 1434 1638 soluta3
1463 1553 1734 1646 pingui,
1761 1575 1960 1645 quam
1990 1576 2231 1623 macra.

138 1659 247 1726 Ubi
293 1659 475 1727 siccae
522 1671 590 1725 et
638 1680 872 1750 graves
920 1671 1211 1742 aestateS‚
1260 1673 1439 1727 terra
1476 1673 1734 1728 cretosa
1773 1673 1890 1727 aut
1937 1659 2230 1753 gracilis,

136 1763 545 1849 utiliusinter
597 1762 943 1831 solstitium
990 1778 1059 1832 et
1104 1764 1405 1833 autumni
1465 1765 1932 1859 aequinoctium
1984 1780 2231 1835 aratur.

138 1870 250 1939 Ubi
279 1869 445 1945 leves
483 1883 678 1938 aestus
699 1919 718 1952 ‚
751 1867 1127 1964 frequentes
1153 1870 1431 1957 imbreS,
1474 1873 1719 1966 pingue
1744 1870 2233 1966 herbosumque

136 1975 356 2061 solum,
390 1975 479 2043 ibi
511 1974 742 2045 mediis
783 1975 1134 2045 caloribus.
1178 1976 1405 2046 Altum
1443 1991 1510 2045 et
1541 2001 1745 2071 grave
1782 1976 1995 2047 solum
2030 1980 2228 2046 etiam

136 2083 320 2174 hieme
357 2084 612 2151 moveri
651 2080 912 2175 placet:
946 2097 1145 2152 tenue
1184 2082 1377 2152 valde
1415 2098 1482 2152 et
1516 2083 1772 2152 aridum
1795 2138 1814 2171 ,
1847 2082 2045 2178 paulo
2081 2099 2233 2153 ante

140 2189 375 2257 sationis
417 2203 703 2282 tempus.

221 2297 376 2385 Sunt
417 2309 486 2364 et
538 2295 651 2363 hic
695 2320 827 2364 suae
863 2294 1039 2390 leges
1074 2323 1090 2364 ε
1129 2300 1444 2367 Lutosam
1473 2282 1778 2365 ⁵⁶terram
1827 2322 1908 2365 ne
1949 2298 2224 2392 tangito.
2269 2326 2295 2356 α

201 2452 375 2505 XLIX.
411 2471 459 2505 1.
494 2452 717 2505 Catonis.
747 2452 880 2523 Cap.
897 2471 990 2506 ur
1008 2492 1024 2518 ,
1051 2472 1115 2506 ex
1162 2452 1165 2460 ’
1205 2467 1399 2507 terram
1415 2471 1523 2504 non
1536 2453 1884 2523 attingit‚etc.
1905 2477 1928 2498 ι
1956 2451 2099 2504 Vide
2111 2471 2229 2524 qun

133 2532 271 2584 veteri
311 2531 424 2586 cod.
474 2531 705 2585 Meus-sii
721 2569 737 2597 ,

783 2554 805 2575 «-
854 2531 1004 2598 Quid
1041 2546 1121 2587 est
1206 2533 1274 2587 de
1291 2531 1490 2587 cariosa
1514 2530 1749 2585 diximus
1772 2532 1868 2585 lib.
1888 2532 2078 2598 XVII,
2100 2541 2146 2588 c.
2173 2534 2226 2586 3.

133 2612 583 2684 primum?Agrum
601 2613 739 2667 bene
756 2613 948 2666 colere.
972 2612 1121 2678 Quid
1207 2611 1482 2683 Theophr,
1512 2611 1583 2664 de
1616 2613 1774 2666 Caus.
1815 2613 1928 2672 111.
1962 2614 2033 2665 28
2051 2651 2068 2677 ,
2112 2631 2232 2684 pag.

133 2691 425 2745 secundum?
459 2694 649 2746 Arare.
687 2690 840 2757 Quid
868 2693 1082 2746 tertium
1098 2692 1123 2744 ἰ’

134 2782 405 2824 stercorare.
434 2790 458 2814 ¹·
482 2773 672 2825 Hiran.

199 2871 243 2903 s.
269 2850 422 2904 Sulca.
446 2853 629 2904 Varro
657 2849 727 2904 de
752 2852 831 2903 Re
855 2853 1008 2904 Rust.
1035 2852 1122 2915 11,

131 2949 227 2999 cap.
252 2932 318 2999 39
347 2951 361 2984 τ
391 2955 412 2976 ιι
447 2932 576 2997 Qua
627 2943 859 2984 usuum
907 2950 1123 2984 vomere

131 3010 337 3064 lacunam
363 3012 486 3064 fecit
504 3049 525 3076 ,
562 3012 739 3064 sulcus
778 3022 999 3064 vocatur
1024 3008 1127 3072 (un

131 3109 260 3159 myos
275 3090 311 3152 ).
340 3118 362 3139 ι
392 3089 564 3156 Quod
587 3104 663 3145 est
691 3091 830 3143 inter
860 3088 996 3144 duos
1016 3091 1122 3143 sul-

132 3187 228 3230 cos,
246 3168 432 3224 dicitur
453 3188 621 3243 porca
642 3166 742 3231 (un
755 3166 938 3233 silton).
959 3195 982 3217 a
1010 3171 1124 3222 Sul·

128 3267 230 3300 cum
277 3251 477 3304 varium
532 3249 693 3314 dicit,
739 3251 833 3321 qui
880 3249 937 3301 in
981 3260 1124 3303 terra

129 3329 250 3381 varia
270 3329 598 3402 imprimitur
611 3369 627 3391 ,
666 3328 723 3381 id
745 3340 855 3393 est,
897 3345 1123 3398 superne

129 3420 305 3461 tantum
324 3424 377 3463 et
394 3409 588 3462 leviter
614 3409 671 3460 in
693 3406 980 3480 superficie
992 3409 1125 3461 irro-

127 3501 215 3538 rata
226 3527 241 3549 ,
252 3489 478 3558 penitius
490 3502 547 3541 et
562 3489 767 3541 inferne
780 3489 915 3541 sicca
929 3524 944 3545 ‚
965 3506 1125 3558 quam

126 3563 349 3621 describit
374 3568 674 3622 Columella
692 3608 707 3633 ,
737 3569 794 3619 11
813 3605 829 3632 ,
866 3572 928 3630 ις’,
953 3566 1123 3643 diser·

125 3645 294 3700 tissime
319 3667 332 3700 ;
369 3675 391 3696 ι
420 3646 532 3701 sed
553 3646 996 3718 quandocumque
1014 3665 1125 3700 ara-

126 3724 266 3790 bitur,
312 3728 520 3799 inquit,
564 3727 963 3780 observabimus
986 3763 1003 3788 ‚
1055 3744 1124 3778 ne

122 3802 299 3859 lutosus
318 3827 441 3878 ager
461 3818 720 3861 tractetur
736 3846 751 3873 ‚
766 3825 902 3859 neve
924 3806 1123 3877 exiguis

124 3884 295 3937 nimbis
323 3884 705 3954 semimadidus
722 3923 739 3949 ‚
757 3904 915 3958 quam
931 3898 1124 3938 terram

124 3965 283 4018 rustici
309 3967 513 4020 variam
552 3967 914 4037 cariosamque
948 3965 1127 4035 appel-

124 4042 229 4095 lant.
246 4046 315 4099 Ea
339 4060 417 4100 est
440 4061 610 4118 quum
631 4059 751 4117 post
769 4047 954 4114 longas
975 4045 1126 4098 sicci·

125 4125 370 4179 tateslevis
383 4126 567 4198 pluvia
583 4126 913 4197 superiorem
925 4137 1130 4194 partem

123 4202 383 4269 glebarum
441 4202 765 4270 madefacit,
822 4204 1129 4258 inferiorem

1216 2691 1323 2761 ²93
1336 2731 1350 2759 ,
1364 2689 1421 2744 id
1434 2705 1585 2744 terrae
1603 2690 1776 2762 'genus
1794 2692 2059 2763 ἀμφίιργον
2080 2704 2236 2745 vocat

1211 2784 1266 2824 et
1303 2773 1645 2825 vehementer
1697 2773 1979 2843 improbat.
2022 2772 2237 2824 Catonis

1210 2854 1370 2904 verba
1389 2864 1513 2904 sunt
1533 2852 1571 2905 l.
1601 2870 1652 2906 c.
1673 2877 1697 2899 ι
1724 2854 1927 2923 Agrum
1944 2851 2234 2904 frumenta-

1211 2930 1352 2983 rium
1368 2949 1536 3001 quum
1550 2949 1665 2984 aras
1677 2970 1694 2996 ,
1712 2932 1850 2985 hene
1863 2944 1916 2984 et
1932 2930 2236 3000 tempestive

1214 3028 1328 3063 ares
1355 3030 1372 3067 ε
1400 3011 1550 3063 sulco
1583 3012 1731 3063 vario
1763 3029 1833 3062 ne
1864 3028 1993 3062 ares.
2026 3036 2048 3056 υ
2083 3011 2153 3061 Η.

1298 3091 1354 3143 3.
1412 3090 1762 3160 Τερίάίοήόω.
1803 3088 2002 3159 virgil.
2037 3088 2234 3158 Geor-g.

1212 3171 1239 3222 1
1255 3202 1271 3230 ‚
1318 3170 1389 3233 43
1414 3187 1429 3222 :
1453 3192 1475 3213 ι
1507 3171 1652 3222 Vere
1674 3188 1840 3232 novo,
1868 3167 2072 3238 gelidus
2093 3169 2237 3220 canis

1211 3267 1378 3320 quum
1405 3249 1682 3301 montibus
1709 3249 1908 3299 humor
1950 3246 2228 3321 Liquitur‚

1212 3342 1266 3380 et
1290 3326 1535 3399 Zephyro
1555 3329 1726 3399 putris
1746 3346 1800 3379 se
1822 3326 1972 3397 gleba
1991 3326 2235 3390 resolvit,

1213 3403 1477 3477 Depresso
1516 3407 1736 3477 incipiat
1781 3408 1891 3477 jam
1948 3418 2065 3458 tum
2101 3406 2236 3459 mihi

1215 3500 1394 3539 taurus
1418 3501 1595 3540 aratro
1623 3489 1900 3557 Ingemere
1927 3523 1943 3550 ,
2001 3498 2055 3538 et
2088 3486 2235 3539 sulco

1212 3567 1423 3621 attritus
1442 3566 1808 3637 splendescere
1824 3573 2027 3618 vomer.
2048 3591 2071 3611 ι
2097 3563 2239 3619 Vide

1214 3646 1425 3699 Colum.
1452 3647 1547 3700 lib.
1569 3647 1626 3699 11
1643 3686 1659 3711 ,
1680 3665 1796 3717 cap.
1826 3650 1857 3708 4
1882 3665 1895 3697 :
1926 3671 1950 3693 ι
1981 3664 2089 3716 quo
2109 3647 2237 3700 anni

1212 3738 1457 3798 tempore
1487 3726 1663 3798 campi
1686 3723 1872 3779 arandi
1907 3726 2031 3778 sint.
2062 3751 2086 3772 ι
2114 3726 2180 3778 Η.

1298 3814 1348 3870 4.
1378 3806 1431 3859 A
1461 3805 1628 3858 bruma
1657 3805 1923 3876 proscindi.
1957 3804 2243 3876 Theophr2

1179 3932 1182 3933 a
1214 3885 1284 3938 de
1303 3887 1458 3939 Caus.
1477 3886 1574 3940 lib.
1596 3888 1711 3951 111,
1731 3905 1778 3939 c.
1799 3885 1903 3951 353
1937 3885 2069 3936 Cato
2085 3921 2101 3948 ,
2120 3903 2236 3954 cap.

1217 3984 1385 4029 xxxv3
1416 3965 1628 4020 Colum.
1656 3967 1748 4019 lib.
1780 3966 1892 4022 In,
1924 3982 2042 4034 cap.
2075 3983 2136 4028 ι,
2174 3964 2241 4015 li·

1217 4047 1318 4100 bro
1328 4046 1410 4109 11,
1432 4047 1606 4117 capite
1624 4052 1655 4110 4
1676 4064 1694 4111 3
1721 4043 1977 4114 Virgilius
2001 4081 2017 4105 ‚
2041 4042 2240 4112 Georg.

1219 4127 1261 4178 Ι.
1296 4126 1500 4178 Dante.

1304 4205 1354 4257 5.
1390 4204 1633 4258 Lectosam.
1667 4202 1934 4259 Palladius
1977 4202 2073 4255 lib.
2111 4204 2164 4256 ll
2190 4204 2244 4257 in
