3150 5150
947 527 1258 651 Lim-,11
1318 582 1613 650 xvlu.
2204 603 2338 674 217

197 713 454 786 Italicae
469 712 518 751 ¹⁹
543 712 799 782 duabus
825 712 1120 783 tribusve
1145 713 1426 810 amplius
1445 715 1514 784 in
1540 711 1943 809 artopticio²⁰
1960 739 2165 810 pane:
2186 738 2339 783 nam

202 821 544 892 furnaceis
565 820 754 888 binas
780 818 1098 912 adjiciunt
1123 819 1323 890 libras
1351 821 1421 888 in
1441 845 1862 915 quocumque
1886 845 2145 916 genere.

315 916 444 1020 (x.)
485 923 832 1020 Similago¹
869 949 952 994 ex
985 927 1208 996 tritico
1243 927 1321 996 fit
1347 925 1809 996 laudatissima.
1846 931 1949 996 Ex
1980 927 2205 997 Africo
2224 926 2335 1020 ju·
2378 941 2410 996 4

205 1048 388 1104 stum
425 1047 532 1102 est
569 1057 610 1101 e
651 1030 886 1102 modiis
949 1032 1164 1102 redire
1207 1032 1568 1120 semodiOS‚
1612 1047 1679 1102 et
1716 1031 1980 1128 pollinis
2028 1034 2343 1103 sextarios

205 1141 526 1234 quinque.
583 1141 688 1208 Ita
725 1152 949 1208 autem
997 1138 1386 1234 appellant
1369 1165 1436 1208 m
1471 1141 1693 1210 tritico
1712 1193 1731 1228 ‚
1779 1139 1963 1234 quod
2002 1141 2291 1211 florem
2272 1163 2343 1206 m

209 1245 492 1342 siligine.
529 1249 678 1316 Hoc
709 1246 952 1314 aerariae
963 1243 1296 1316 ’officinae
1327 1215 1805 1340 chartariaeque
1840 1260 2136 1316 utuntur.
2166 1249 2341 1314 Prae·

209 1368 396 1422 terea
422 1352 794 1422 secundarii
835 1354 1150 1422 sextarios
1186 1366 1495 1446 quatuor,
1535 1351 2001 1482 furfurumque
2036 1365 2332 1422 tantum-

207 1458 388 1527 dem.
413 1459 610 1528 Panis
635 1482 796 1528 vero
827 1483 864 1526 e
899 1457 1123 1528 modio
1153 1457 1532 1595 similaginis
1554 1443 1891 1542 cxx11³,et
1914 1459 2093 1528 floris
2122 1456 2345 1528 modio

210 1588 432 1634 cxvn.
451 1565 744 1636 Pretium
762 1564 920 1634 huic
939 1589 1206 1634 annona
1204 1551 1547 1635 mediam
1565 1564 1822 1634 modios
1836 1563 2091 1653 farinae,
2124 1588 2217 1634 xn
2244 1587 2344 1634 as·

211 1656 362 1740 ses⁵
383 1669 778 1766 :similagini
816 1686 1118 1742 castratae
1147 1657 1442 1741 octonis⁶
1473 1672 1725 1742 assibus
1754 1669 2069 1766 ampliuS‚
2108 1668 2343 1765 siligini

209 1791 522 1848 castratae
533 1775 846 1872 duplum⁷
853 1779 1007 1848 .Est
1027 1793 1095 1848 et
1116 1763 1268 1846 alia⁸
1285 1777 1617 1848 distinctio
1633 1776 2036 1873 similag1n1S‚
2048 1789 2349 1871 tempore

211 1886 294 1952 L.
323 1881 552 1954 Paul?
577 1896 761 1968 nata,
808 1885 1024 1978 prima
1063 1907 1213 1956 xvn
1251 1883 1477 1979 pondo
1516 1886 1705 1980 panis
1736 1883 2013 1954 reddere
2040 1885 2214 1970 visa3
2250 1906 2347 1952 se-

304 2087 391 2133 ¹9·
435 2065 643 2120 Italicoe.
690 2065 880 2119 Farina
897 2103 916 2130 ,
963 2067 1164 2138 inquit,
1211 2085 1242 2119 e

213 2144 434 2215 siligine
457 2144 644 2198 Italica
659 2184 676 2210 ,
704 2146 854 2217 panis
880 2145 1042 2200 libras
1065 2144 1244 2199 reddit

217 2225 441 2286 xxlv,
475 2237 568 2278 aut
595 2224 754 2279 etiam
783 2225 994 2280 vicenas
1020 2226 1211 2298 quinas
1229 2265 1246 2290 ,

213 2305 261 2356 si
284 2305 359 2356 cit
383 2303 700 2375 artopticins
719 2306 889 2376 panis.
905 2307 987 2358 De
1007 2323 1072 2358 eo
1090 2305 1242 2378 panis

211 2401 418 2454 genere
450 2383 692 2437 dicemus
742 2403 858 2456 cap.
895 2403 986 2454 ²7·
1014 2385 1086 2437 Η.

303 2483 402 2518 ao.
437 2464 716 2534 Anopeieae‘o
734 2483 878 2535 pane.
917 2464 1244 2536 Artopticius

217 2543 380 2615 panis
393 2584 410 2608 ,
427 2546 548 2615 pain
571 2541 800 2597 cuiedam
814 2545 864 2597 la
881 2549 1124 2599 loni-ciere.
1136 2546 1240 2599 En.

309 2642 333 2677 ι
347 2664 362 2677 .
393 2621 632 2693 similago
656 2644 718 2675 ex
743 2628 900 2678 tritico
916 2662 934 2689 ‚
963 2637 1062 2680 etc.
1093 2626 1244 2695 Σιμί-

217 2700 368 2765 δαλις
403 2722 599 2775 grace,
637 2703 798 2773 vulgo
839 2706 1059 2757 amante.
1104 2708 1242 2761 Du..

215 2816 306 2827 —-
329 2784 420 2837 Ita
439 2794 614 2837 autem.
631 2783 990 2856 similaginem
1003 2824 1019 2853 ,
1039 2784 1213 2856 inquit
1227 2822 1246 2849 ,

215 2864 496 2933 appellant
512 2864 567 2916 in
580 2862 757 2917 tritico
771 2904 790 2929 ‚
811 2862 958 2936 quod
971 2864 1246 2937 insiligine

219 2942 436 2995 florem.
475 2943 624 2997 Flem-
645 2942 706 2994 de
717 2944 888 3010 farine
925 2944 986 2997 de
1005 2943 1244 3007 frement.

219 3024 412 3075 Eun.
443 3054 518 3065 -—
545 3023 815 3093 Appellane
839 3028 892 3075 in
913 3026 1074 3077 tritico
1087 3063 1103 3089 ‚
1143 3036 1244 3078 etc.

223 3103 356 3155 Non
383 3101 622 3155 meminit
649 3102 853 3156 Plinius
875 3103 1135 3176 superiori
1159 3122 1246 3157 ca·

219 3182 343 3252 pite
361 3219 379 3245 ,
409 3181 480 3235 de
506 3181 712 3253 siligine
749 3183 928 3255 pollen
955 3201 1011 3237 se
1035 3181 1245 3236 dixisse.

219 3258 378 3313 Vide
403 3260 660 3315 Bada-um
687 3260 750 3329 5,
767 3261 836 3316 de
864 3265 1007 3317 Asse.
1033 3264 1169 3315 Du..

309 3360 364 3395 a.
395 3342 510 3393 Hoc
531 3344 722 3393 πται-ίαν
743 3382 758 3395 .
787 3382 800 3395 .
829 3382 843 3395 .
873 3354 1088 3395 utamur.
1113 3342 1249 3407 Qua

215 3420 400 3477 farina
427 3438 550 3475 cum
599 3419 784 3491 argilla
829 3420 990 3478 mixta
1028 3440 1251 3493 operum

213 3518 453 3555 suorum
483 3500 682 3554 formu
707 3501 1002 3573 effingunt,
1025 3514 1086 3557 ut
1114 3514 1252 3556 recte

211 3580 624 3650 Dnlecampius.
657 3580 844 3635 Hnn.

309 3659 366 3713 3.
391 3658 634 3713 CXXII.
652 3658 1024 3731 subintellige,
1037 3659 1222 3732 pondo
1237 3700 1253 3726 ‚

214 3758 320 3793 seu
343 3738 502 3793 libro
527 3738 768 3793 redeunt.
792 3742 973 3794 Hnn.

313 3826 366 3884 4.
408 3820 628 3872 Annona
673 3819 848 3873 media.
895 3818 1257 3874 Moderatiore

211 3918 470 3964 annona,
499 3918 670 3971 quum
696 3918 798 3953 nec
835 3898 1056 3953 omnino
1081 3900 1258 3971 gravis

217 3992 310 4033 est
327 4018 346 4043 ,
402 3997 506 4033 nec
551 3978 779 4033 omnino
823 3979 961 4033 laxa.
1008 3978 1076 4031 H.

309 4061 362 4113 5.
401 4058 508 4109 XL
537 4078 684 4110 asses·
717 4059 764 4111 E
804 4059 1000 4113 nostris
1027 4058 1254 4121 assibus,

215 4157 364 4192 asses
387 4150 518 4193 sunt
541 4156 709 4192 xxxu.
738 4138 919 4193 Hann.

307 4225 364 4273 6.
400 4218 668 4273 octonis...
687 4219 989 4289 ampliamfl.
1011 4238 1058 4273 e.
1079 4236 1258 4271 xnvm

1328 2068 1557 2121 assibus:
1588 2079 1815 2120 monete
1846 2077 2041 2119 nostrai
2074 2083 2210 2118 asses
2234 2065 2354 2118 effi-

1328 2147 1478 2200 ciunt
1506 2147 1715 2200 circiter
1753 2157 1875 2199 octo
1911 2157 1965 2197 et
1998 2144 2233 2216 triginta.
2280 2144 2349 2197 H.

1410 2245 1465 2297 7.
1497 2225 1727 2296 Duplum.
1754 2225 1872 2280 Hoc
1902 2236 2008 2289 est,
2034 2243 2171 2278 asses
2190 2242 2317 2278 xcvi
2334 2263 2350 2288 ,

1329 2318 1554 2359 monete
1647 2305 1848 2376 gallicae
1930 2321 2066 2358 asses
2134 2303 2351 2358 circiter

1331 2401 1516 2438 unx.
1544 2385 1727 2439 Hann.
1744 2413 1826 2425 —-
1846 2385 2087 2454 Duplum,
2112 2395 2214 2436 etc.
2244 2385 2353 2436 Du-

1327 2465 1480 2535 plum
1493 2462 1630 2518 illud
1642 2483 1753 2518 non
1774 2463 2032 2534 signifieat
2046 2480 2181 2516 asses
2194 2481 2321 2516 xcvi
2334 2505 2349 2528 ,

1329 2557 1392 2597 ut
1433 2543 1635 2616 placuit
1670 2541 1883 2598 erudito
1912 2541 2218 2609 Harduino;
2256 2543 2348 2596 sed

1329 2644 1464 2679 asses
1488 2638 1696 2679 tantum
1718 2623 1977 2689 sedecim,
1996 2623 2095 2696 qui
2111 2622 2353 2676 efficiunt

1329 2705 1528 2776 gallica
1557 2716 1750 2757 nostrae
1788 2715 2015 2756 moneto
2056 2722 2194 2757 asses
2232 2722 2301 2756 xv
2326 2742 2341 2765 ,

1329 2804 1455 2839 cum
1480 2782 1714 2837 denariis
1744 2791 1797 2847 4.
1827 2784 1995 2837 naor.

1415 2866 1470 2919 8.
1503 2864 1604 2917 Est
1624 2877 1677 2915 et
1700 2864 1820 2915 alia.
1859 2864 1955 2916 Est
1985 2875 2037 2915 et
2062 2861 2165 2916 alia
2198 2861 2355 2914 boni-

1334 2944 1454 2998 tatis
1481 2942 1791 2998 distinctio
1776 2962 1833 2995 m
1852 2942 2173 3011 similagine,
2195 2942 2355 2994 semel

1333 3038 1579 3094 tempore
1602 3024 1663 3075 L.
1693 3022 1844 3075 Pauli
1864 3035 2019 3085 nata,
2044 3040 2213 3091 quum
2239 3038 2357 3072 xvu

1333 3104 1496 3157 libras
1529 3102 1684 3173 panis
1724 3090 1952 3155 reddere
1981 3101 2220 3169 primum
2246 3099 2357 3151 visa

1335 3196 1456 3239 eat.
1485 3182 1693 3235 munda
1715 3181 1954 3244 bonitas,
1983 3196 2150 3250 quum
2183 3194 2355 3231 xvm:

1339 3263 1491 3316 tertia
1515 3302 1530 3327 ,
1579 3258 1795 3333 quando
1834 3278 1929 3313 xxx
1974 3276 2097 3311 cum
2150 3257 2357 3310 triente.

1336 3342 1661 3395 H.--Locus
1686 3340 1775 3393 hic
1806 3338 1999 3392 mirum
2040 3336 2097 3390 in
2140 3334 2362 3389 modum

1337 3433 1625 3492 corruptus
1653 3432 1729 3473 eet
1759 3420 1815 3471 in
1852 3417 2065 3489 scriptis
2100 3414 2359 3487 editisque

1345 3500 1511 3554 libris.
1558 3502 1736 3567 Quam
1774 3498 2051 3551 meliorem
2083 3497 2262 3568 putavi
2304 3514 2361 3548 e-

1338 3579 1633 3635 mendandi
1668 3578 1924 3631 rationem
1948 3596 2067 3629 sum
2094 3586 2363 3649 sequutus.

1341 3661 1398 3714 Si
1417 3662 1536 3732 quis
1555 3659 1775 3713 meliora
1796 3657 2031 3729 reperire
2056 3656 2247 3719 valeat,
2272 3674 2364 3707 ex-

1339 3740 1597 3811 periatur.
1628 3740 1803 3792 Βιοτ».
1846 3739 1996 3807 cujus
2037 3734 2367 3788 emendatio-

1342 3839 1466 3873 nem
1483 3860 1500 3887 ,
1527 3832 1669 3873 certe
1696 3820 1918 3881 claram,
1941 3815 2235 3887 sequimur.
2260 3814 2365 3866 Eu.

1425 3918 1480 3968 9.
1501 3897 1667 3952 Hard.
1688 3899 1817 3969 legit
1842 3896 1956 3949 εὔει.
1982 3894 2129 3947 semel
2144 3906 2282 3964 temp.
2306 3892 2365 3944 L.

1344 3980 1409 4032 P.
1447 3991 1595 4042 nata,
1626 3978 1803 4031 XVII
1822 3975 1987 4047 pondo
2009 3994 2128 4045 pan.
2160 3992 2201 4025 r.
2224 3976 2362 4034 νέω,

1345 4058 1561 4112 XVIII.
1586 4060 1769 4115 Tereia,
1789 4052 2369 4123 etcae—Exemplarium

1347 4138 1498 4193 MSS.
1527 4136 1739 4207 vestigia
1776 4152 1981 4189 summa
2022 4130 2131 4184 fide
2160 4130 2369 4201 sequuti

1347 4236 1526 4273 sumus
1547 4237 1565 4276 t
1586 4218 1661 4273 sic
1684 4216 1826 4269 enim
1848 4214 1983 4267 habe
1994 4224 2051 4265 nt
2065 4212 2197 4281 Reg.
2224 4228 2247 4265 ι
2269 4249 2285 4277 ,
2314 4229 2341 4261 2
2356 4248 2372 4275 ,
