3150 5150
763 453 902 500 122
1265 429 1348 500 C.
1407 432 1755 504 PLINII
1806 433 2028 504 NAT.
2084 432 2346 504 HIST.

651 590 715 648 42
857 564 1088 658 Nuper
1127 577 1496 658 repertum,
1537 564 1899 638 draconem
1942 587 2161 638 serere
2192 563 2385 658 juxta
2418 565 2767 637 arborem:
2794 568 2875 636 ita

755 666 1162 765 appellamus
1203 667 1540 764 palmitem
1583 673 1971 754 emeritum,
2017 668 2449 766 pluribusque
2501 670 2875 744 indm-amm

755 777 968 848 annis-
1007 777 1205 846 Hunc
1235 777 1581 870 praecisum
1614 802 1816 872 quam
1850 778 2137 849 maxima
2170 775 2605 872 amplitudine
2622 829 2647 864 ‚
2674 777 2878 848 tribus

756 881 1056 976 partibus
1101 879 1528 976 longitudinis
1580 883 1815 954 deraso
1862 884 2110 954 cortice
2124 937 2147 972 ,
2198 897 2523 977 quatenus
2564 882 2882 957 obruatur

761 978 982 1080 (unde
1016 1002 1086 1058 et
1109 987 1370 1060 rasilem
1398 979 1729 1082 vocant),
1754 989 2125 1085 deprimere
2154 987 2339 1060 sulco
2354 1041 2377 1074 .‚
2414 987 2667 1084 reliqua
2702 1005 2881 1084 parte

759 1093 844 1164 ad
872 1094 1180 1164 arborem
1210 1109 1476 1165 erecta:
1509 1097 1915 1192 ocyssimum
1948 1097 2017 1166 in
2052 1098 2209 1168 vite.
2244 1095 2311 1166 Si
2334 1095 2599 1190 gracilis
2624 1098 2717 1166 sit
2740 1096 2883 1166 vitis

759 1215 876 1272 aut
895 1215 1107 1289 terra,
1131 1201 1448 1272 usitatum
1473 1217 1574 1272 est
1600 1226 1803 1297 quam
1831 1203 2131 1298 proxime
2156 1199 2373 1272 solum
2396 1201 2644 1286 decidi,
2674 1201 2883 1274 donec

759 1305 1063 1380 firmetur
1096 1305 1330 1379 radix:
1365 1308 1537 1378 sicut
1571 1332 1788 1402 neque
1828 1305 2189 1380 roscidam⁷
2228 1309 2389 1396 seri,
2437 1331 2657 1403 neque
2704 1333 2747 1378 a
2792 1333 2884 1378 se·

758 1413 1174 1509 ptemtrionis
1205 1411 1387 1484 flatu.
1411 1415 1603 1485 Vites
1634 1412 2031 1509 Aquilonem
2068 1429 2367 1510 spectare
2410 1413 2659 1484 debent
2698 1415 2854 1510 ipsae
2870 1467 2887 1499 ‚

755 1517 1060 1616 palmites
1091 1533 1318 1590 autem
1351 1543 1581 1590 earum
1611 1519 1977 1590 meridiem.

655 1631 722 1697 4³
860 1626 1020 1697 Non
1037 1639 1136 1696 est
1149 1611 1631 1696 festinandum⁸
1648 1625 1737 1696 ad
1756 1627 2169 1722 putationem
2188 1623 2501 1698 novellae·
2532 1625 2653 1696 sed
2678 1625 2889 1744 primo

756 1733 826 1802 in
879 1729 1162 1802 circulos
1209 1733 1516 1802 materies
1561 1731 1967 1828 colligenda,
2019 1757 2143 1802 nec
2188 1731 2315 1806 nisi
2362 1730 2597 1804 valide
2635 1733 2891 1827 putatio

755 1837 1174 1909 admovenda
1203 1863 1220 1906 ε
1263 1839 1510 1938 seriore
1551 1837 1691 1909 fere
1730 1863 1907 1910 anno
1947 1839 2035 1909 ad
2078 1838 2371 1911 fructum
2408 1839 2685 1910 arbusta
2731 1839 2890 1922 vite,

756 1968 958 2040 quam
976 1945 1208 2039 jugata
1223 1943 1270 2013 ⁹.
1309 1945 1482 2014 Sunt
1507 1945 1625 2040 qui
1652 1946 1923 2016 omnino
1952 1946 2170 2042 putari
2198 1958 2465 2030 vetant,
2506 1947 2888 2041 priusquam

762 2051 1079 2120 arborum
1119 2049 1599 2146 longitudinem
1645 2054 2027 2147 aequaverit.
2075 2053 2297 2122 Prima
2338 2049 2509 2122 falce
2540 2076 2655 2122 sex
2696 2049 2890 2144 pedes

763 2182 804 2226 a
845 2171 1022 2228 terra
1075 2157 1408 2227 recidatur
1433 2211 1452 2245 ,
1499 2157 1763 2253 flagello
1801 2157 1975 2229 infra
2012 2156 2274 2243 relicto,
2316 2170 2387 2226 et
2427 2158 2609 2228 nasci
2658 2170 2892 2226 coacto

657 2277 723 2335 44
759 2264 1216 2332 incurvatione
1246 2265 1554 2333 materiae.
1576 2267 1741 2336 Tres
1766 2266 1827 2334 ei
1848 2263 1897 2289 ¹⁰
1924 2289 2201 2359 gemmae
2219 2317 2240 2350 ‚
2279 2287 2414 2333 non
2440 2259 2762 2358 amplius»,
2782 2261 2892 2330 de·

753 2382 988 2464 putato
1030 2370 1381 2464 supersint.
1449 2371 1553 2440 Ex
1595 2371 1698 2440 his
1754 2371 1971 2441 emissi
2014 2369 2321 2467 palmites
2366 2370 2672 2465 proximo
2718 2393 2893 2438 anno

753 2476 903 2545 imis
943 2477 1328 2570 ingerantur
1369 2477 1653 2551 scamnis
1676 2475 1748 2563 ¹¹,
1786 2501 1865 2546 ac
1902 2503 2026 2572 per
2066 2475 2360 2572 singulos
2412 2499 2627 2545 annos
2670 2475 2759 2544 ad
2794 2499 2897 2544 su-

756 2582 1018 2678 periora
1049 2582 1402 2667 scandant,
1442 2581 1673 2653 relicto
1714 2608 1975 2680 semper
2008 2584 2404 2654 duramento
2428 2580 2476 2609 ¹²
2521 2585 2591 2651 in
2628 2578 2897 2679 singulis

839 2796 899 2849 7.
925 2774 1067 2831 Sicut
1097 2759 1244 2849 neque
1272 2776 1526 2829 roscidam.
1567 2776 1785 2832 Colum.
1870 2796 1974 2833 em.
1990 2792 2113 2851 post
2136 2776 2447 2831 Pintianum
2463 2774 2665 2829 Haud.-
2689 2775 2901 2830 seriora

691 2926 698 2933 ι
759 2858 855 2913 lib.
873 2858 945 2923 V,
966 2874 1082 2929 cap.
1108 2860 1141 2909 6
1165 2875 1182 2907 =
1215 2876 1238 2899 ι
1265 2856 1600 2916 Cavendum,
1612 2876 1681 2910 ne
1696 2869 1789 2909 aut
1868 2859 1983 2913 fere
2035 2876 2175 2911 anno
2232 2855 2303 2909 ad
2361 2857 2595 2909 fructum
2650 2856 2868 2909 arbusta
2886 2892 2901 2919 ,

761 2934 1285 3009 septemtrionalibns
1313 2935 1508 3001 ventis,
1529 2947 1621 2990 aut
1636 2956 1795 2991 roru-
1872 2956 2034 3011 qnam
2050 2938 2172 2992 vitis
2182 2938 2358 3007 jugata
2385 2962 2407 2985 ι
2423 2935 2520 2989 Gr.
2536 2949 2591 2989 et
2613 2934 2763 3007 vulg.
2796 2934 2901 2986 En.

763 3018 946 3084 lento,
973 3014 1070 3069 sed
1093 3016 1243 3070 sicce
1268 3028 1532 3071 serantur.
1570 3042 1595 3065 ι
1631 3016 1701 3069 Η.
1960 3037 2046 3071 ιο.
2114 3018 2234 3070 Tm
2282 3020 2344 3069 ei.
2386 3012 2683 3070 CoRmella
2710 3052 2730 3081 ,
2774 3014 2813 3067 l.
2854 3032 2903 3066 c.

843 3098 898 3152 8.
944 3096 1060 3151 Non
1088 3106 1160 3147 est
1173 3095 1522 3163 fistinwdum.
1571 3094 1792 3150 Colum.
1882 3123 1905 3146 ι
1932 3092 2211 3153 Materiam
2239 3096 2383 3151 ferro
2412 3092 2768 3149 coercendam
2792 3113 2905 3147 esse

766 3176 860 3229 lib.
886 3177 959 3243 V,
971 3194 1088 3249 cap.
1109 3182 1174 3228 6:
1199 3197 1221 3220 ·
1246 3174 1495 3231 Proxima
1518 3174 1796 3248 putatione
1875 3195 2095 3243 censen,
2125 3194 2295 3249 usque
2331 3176 2387 3228 in
2413 3174 2631 3229 alteram
2654 3174 2763 3233 vel
2800 3187 2904 3227 ter·

766 3255 958 3308 melius
977 3255 1242 3310 existimat
1267 3254 1451 3309 Celsus
1471 3254 1615 3309 ferro
1635 3254 1797 3308 absti·
1876 3258 2004 3311 tiam
2033 3273 2329 3329 gemmam,
2352 3266 2453 3307 etc.
2486 3254 2737 3307 ιΗιιυ).

766 3334 882 3388 neri
898 3372 914 3399 ‚
941 3334 1190 3406 ipsosque
1231 3336 1408 3389 caules
1452 3335 1509 3388 in
1567 3332 1796 3387 modum
1964 3356 1986 3390 1
1998 3356 2053 3390 1.
2086 3336 2382 3407 Inger-antus·
2400 3338 2624 3386 scamnis.
2648 3336 2733 3386 Ita
2748 3330 2903 3385 MSS.

768 3432 981 3467 corono
1019 3425 1293 3467 contortos
1311 3454 1328 3477 ,
1355 3414 1536 3467 arbori
1561 3412 1797 3469 clrcum·
1876 3418 2007 3489 Reg.
2031 3415 2191 3469 Colb.
2201 3412 2387 3471 Cbiffl.
2400 3432 2510 3466 non
2525 3414 2815 3479 inserantur:
2836 3410 2906 3463 H.

769 3490 975 3557 dari,ut
989 3491 1194 3547 flexura
1208 3494 1455 3547 materias
1476 3492 1795 3565 profundat,
1965 3494 2424 3549 12.Du1-amento.
2493 3492 2732 3545 Durior-e
2800 3509 2904 3543 sar·

769 3589 994 3647 quarum
1022 3570 1407 3625 validissimum
1423 3584 1684 3643 sequente
1710 3591 1801 3626 an·
1878 3588 2093 3640 mento,
2119 3572 2268 3646 quod
2296 3573 2679 3627 duramentum
2706 3581 2763 3625 et
2792 3570 2906 3624 Col.

769 3671 842 3705 no
869 3662 1032 3723 caput
1057 3651 1181 3704 vitis
1208 3652 1483 3706 faciamus.
1505 3652 1597 3703 Me
1620 3664 1800 3705 autem
1879 3667 2035 3708 vocat
2060 3654 2154 3707 lib.
2188 3653 2291 3719 IV,
2332 3671 2447 3725 cap.
2474 3672 2501 3705 2
2516 3668 2537 3703 1
2562 3671 2581 3719 3
2604 3650 2870 3704 duramen
2895 3690 2909 3711 ‚

769 3733 984 3824 longus·
987 3728 1173 3784 docuit
1214 3750 1367 3797 usus,
1397 3730 1571 3783 multo
1617 3730 1803 3784 utilius
1880 3752 1997 3805 cap.
2029 3754 2129 3799 ²²3
2158 3732 2433 3786 materiam
2452 3732 2548 3785 lib.
2572 3732 2649 3795 V,
2685 3749 2802 3800 oep.
2832 3732 2867 3783 6
2896 3747 2906 3779 :

770 3831 882 3867 esse
903 3808 1079 3884 primo
1101 3828 1317 3883 quoque
1341 3823 1582 3883 tempore
1609 3810 1800 3864 falcem
1884 3814 2112 3879 nQuum
2152 3812 2399 3884 palmites
2439 3810 2678 3883 primum
2707 3808 2909 3863 tabula·

773 3899 972 3954 vitibus
1019 3895 1338 3963 admovere,
1391 3911 1492 3953 etc.
1524 3898 1801 3953 »Celsum
1884 3905 2005 3946 tum
2026 3889 2512 3964 apprehenderint,
2535 3890 2789 3961 proxima
2814 3908 2908 3959 pu·

774 3978 1068 4035 Columella
1094 3976 1308 4032 deserit.
1335 3976 1524 4031 Halm.
1890 3972 2088 4027 tatione
2135 3970 2453 4043 disponetur
2490 3970 2617 4023 vitis
2664 3968 2910 4022 omnibns

855 4078 908 4129 9.
950 4058 1112 4131 Quam
1150 4060 1348 4131 jugata.
1385 4056 1474 4114 Sic
1526 4075 1591 4111 ex
1646 4054 1799 4111 MSS.
1891 4050 2345 4123 annis:alioquiin
2355 4050 2599 4123 superius
2613 4049 2907 4103 tabulatum
