3150 5150
913 605 1456 676 EXCURSUS
1513 603 1659 672 111.
2205 599 2349 698 473

279 723 344 780 3·
363 725 658 796 Postqusm
679 720 950 776 radicibus
982 741 1128 776 mors
1148 734 1274 775 octo
1298 721 1386 774 vel
1403 718 1593 774 decem
1622 718 1832 774 dierum
1858 735 1957 790 pro
1978 715 2350 790 recuperando

204 829 376 866 succo
399 810 613 866 indulta
646 821 724 866 est
740 849 759 878 ,
783 807 853 862 sd
879 827 1076 864 novem
1100 825 1324 862 messem
1355 807 1548 860 iterum
1571 803 1949 878 auspicandam
1972 803 2257 866 accedunt,
2276 802 2345 858 ad

209 900 438 956 radices
471 900 654 973 prima
682 897 896 966 classisg
929 896 1249 971 remotisque
1291 895 1615 950 umbraculis
1657 905 1710 948 et
1742 892 2132 967 impedimentis
2164 903 2351 959 terro,

207 1007 354 1044 nova
379 988 652 1060 colligitur
683 987 950 1060 berytum
986 985 1320 1058 abscissoque
1341 1002 1555 1039 summo
1580 981 1821 1036 orbiculo
1843 1022 1860 1048 ‚
1898 981 2173 1036 vulnerata
2198 979 2351 1036 radix

207 1077 400 1131 herbis
435 1075 696 1150 operitur.
721 1075 938 1128 Postero
971 1071 1058 1128 die
1101 1070 1392 1128 secundam
1423 1071 1645 1126 classem
1678 1070 1914 1135 adeunt;
1950 1080 2003 1122 et
2024 1068 2103 1124 sic
2133 1069 2349 1124 sites-uis

206 1163 410 1218 diebus
441 1162 625 1218 eadem
653 1162 891 1235 operatio
914 1180 1010 1234 per
1033 1173 1140 1216 tres
1172 1160 1312 1216 vices
1337 1160 1394 1216 in
1413 1159 1599 1214 eadem
1624 1157 1801 1214 radice
1826 1157 2135 1224 instruitur,
2152 1175 2215 1212 uc
2230 1169 2348 1212 tan·

210 1250 338 1306 dem
361 1250 571 1306 redices
604 1248 786 1304 denuo
817 1262 1082 1322 cooperto
1108 1248 1501 1322 relinquuntur.

279 1337 344 1402 ζ’
369 1339 576 1394 Exacto
601 1335 748 1394 domi
781 1336 960 1392 triduo
975 1373 992 1402 ‚
1018 1337 1328 1392 collectores
1354 1335 1425 1392 ad
1450 1333 1657 1390 radices
1684 1333 1943 1399 redeunt;
1966 1345 2019 1388 et
2051 1332 2223 1387 umbo
2258 1350 2345 1386 ra-

207 1427 396 1480 dicum
437 1427 629 1482 classes
673 1437 753 1480 tes·
794 1425 1008 1480 alternis
1046 1424 1231 1482 diebus
1265 1439 1595 1480 resecantur.
1636 1423 1879 1496 Denique
1920 1421 2149 1478 sectione
2182 1421 2345 1476 iuter-

209 1513 406 1578 mim,
430 1513 668 1568 radicum
695 1512 932 1586 reliquia
967 1531 1076 1567 uon
1113 1524 1307 1586 operto
1335 1511 1732 1583 relinquuntur,
1769 1509 1938 1566 libero
1971 1509 2081 1564 aeri
2104 1519 2161 1564 et
2184 1507 2347 1563 radiis

209 1600 482 1656 solaribus
504 1599 756 1672 exposito
772 1639 789 1666 ‚
812 1610 866 1654 et
893 1600 1040 1656 brevi
1055 1599 1500 1654 intermoritura:
1524 1599 1601 1654 sic
1624 1597 1899 1671 Hiugifera
1932 1597 2117 1652 messis
2140 1608 2200 1650 ut
2222 1595 2343 1668 plu·

209 1690 416 1746 timum
447 1688 758 1753 absolvitur,
791 1687 932 1743 Num
953 1689 1000 1742 si
1029 1687 1234 1744 radices
1267 1687 1575 1760 grandiores
1596 1725 1615 1754 ‚
1652 1686 1715 1742 id
1742 1699 1850 1755 est,
1871 1684 2155 1742 vicenas-iis
2175 1686 2343 1758 majo-

213 1795 298 1833 res
317 1776 690 1850 reperiantur,
713 1795 824 1830 uon
849 1788 960 1831 tam
989 1775 1096 1832 cito
1117 1775 1488 1844 dimittuntur,
1509 1774 1619 1830 nisi
1634 1786 1916 1848 postquam
1943 1774 2055 1830 fere
2076 1771 2343 1828 exhausta

212 1865 438 1920 fiae-im.

280 1951 450 2006 Prisci
477 1950 672 2008 medici
697 1952 890 2007 multas
923 1967 979 2010 et
1017 1953 1296 2027 proclam
1327 1951 1547 2008 virtutes
1580 1952 1736 2006 laseri
1765 1950 2108 2006 tribuerunt:
2126 1960 2344 2004 nsmnt

215 2039 350 2094 illud
378 2039 524 2094 intus
547 2051 818 2114 sumptum
843 2041 1076 2116 paralysi
1099 2053 1154 2096 et
1176 2059 1458 2096 nervorum
1485 2039 1627 2095 vitiis
1656 2039 1891 2104 mederi,
1926 2057 2131 2094 menses
2154 2051 2207 2093 et
2234 2038 2345 2093 uri·

213 2145 342 2181 nam
371 2127 551 2193 ciere,
583 2129 912 2182 concoctioni
945 2128 1188 2182 ciborum
1220 2127 1508 2202 plurimum
1537 2129 1809 2196 conferre,
1838 2138 2071 2182 mentem
2093 2125 2165 2180 ab
2196 2124 2348 2200 agri·

215 2213 407 2270 tudine
441 2233 712 2282 recreare,
761 2233 963 2270 venena
1014 2215 1240 2270 telorum
1285 2226 1338 2270 et
1377 2228 1689 2290 serpentum
1713 2215 2041 2287 exstinguere
2062 2255 2080 2284 ,
2114 2230 2344 2286 corpore

213 2301 615 2374 pinguefacere,
650 2303 786 2376 pesti
824 2314 879 2357 et
902 2303 1144 2376 malignis
1173 2304 1372 2358 morbis
1395 2304 1623 2368 mederi,
1649 2303 1919 2378 hydropi,
1958 2303 2151 2366 ictero,
2189 2300 2341 2374 pleu-

213 2389 400 2451 retidi,
436 2391 888 2446 contractionibus
900 2391 1274 2466 spasmodicis,
1289 2393 1557 2457 asthmati,
1588 2391 1922 2465 respirationi
1946 2389 2186 2454 difficili,
2212 2389 2343 2444 tussi

213 2491 264 2532 et
285 2477 570 2534 raucedini
603 2479 881 2546 conferre3
917 2491 1132 2536 externe
1167 2479 1454 2538 admodum
1481 2481 1649 2536 lienes
1670 2479 1901 2534 tumidos
1936 2479 2229 2546 resolvere,
2247 2477 2340 2534 ad·

215 2580 422 2623 motum
455 2567 628 2624 vulva
655 2588 862 2625 menses
907 2588 1153 2637 movere,
1197 2569 1400 2644 pedum
1433 2557 1610 2626 clavos
1642 2569 1785 2625 fes-1⁵0
1818 2567 2341 2625 circumscarilicatos

215 2657 438 2711 mistum
465 2657 929 2721 ces-manahen,
956 2659 1224 2715 vacuatis
1250 2660 1556 2716 vulneribus
1571 2698 1591 2725 ‚
1614 2659 1921 2714 animalium
1959 2669 2339 2713 venenatorum

215 2744 408 2801 ictibus
430 2782 450 2810 ,
490 2744 806 2801 hulceribus
841 2764 952 2802 uon
977 2748 1452 2803 maturescentibus
1475 2788 1492 2815 ,
1537 2746 1878 2805 carbunculis
1924 2746 2343 2802 oxu-emmim·

215 2832 352 2887 circa
375 2833 556 2888 sedam
567 2832 920 2909 ‚podagricis
959 2833 1232 2891 doloribus
1265 2849 1320 2892 et
1341 2837 1679 2892 rheumaticis
1700 2836 1991 2909 plurimum
2016 2834 2336 2891 conducere.

281 2920 508 2977 Garoias
527 2922 598 2976 el»
619 2922 792 2977 Horto
818 2935 870 2977 et
888 2922 975 2977 alii
1000 2936 1239 2979 asserunt
1277 2925 1488 2979 nullum
1521 2924 1975 2981 medicamentum
2000 2923 2221 2996 simplex
2238 2940 2339 2995 per

217 3018 376 3063 totam
405 3007 620 3065 Indiam
649 3010 854 3085 majore
877 3010 934 3064 in
963 3028 1068 3065 usu
1093 3030 1206 3067 esse
1241 3030 1404 3085 quam
1441 3012 1675 3067 fetidam
1710 3030 1914 3078 assam,
1944 3023 2059 3065 tum
2090 3010 2147 3065 in
2172 3008 2337 3063 medi·

217 3094 360 3159 cina,
409 3108 526 3151 tum
557 3095 616 3150 in
663 3095 978 3153 condiendis
1019 3098 1170 3153 cibis.
1208 3098 1338 3153 Eam
1377 3099 1519 3154 euim
1559 3100 1733 3155 solent
1772 3098 1900 3153 Indi
1938 3099 2051 3153 fere
2076 3116 2261 3153 omnes
2284 3108 2343 3151 et

217 3184 505 3254 prusa-tim
548 3184 822 3241 Baneaues
854 3185 966 3241 suis
1004 3185 1222 3258 jusculis
1263 3198 1320 3240 et
1367 3186 1603 3241 oleribus
1638 3186 2012 3249 commiscere,
2048 3184 2341 3241 confriceto

217 3271 452 3343 priumm
477 3290 545 3326 ex
581 3290 642 3327 ea
668 3272 878 3341 lebete3
901 3292 1003 3330 nec
1031 3274 1138 3329 alio
1179 3275 1520 3331 condimento
1554 3286 1781 3331 utuntur
1814 3275 2113 3329 omnibus'
2094 3294 2153 3329 in
2188 3274 2339 3330 cibis.

217 3358 442 3413 sumum
467 3378 684 3435 quoque
719 3379 890 3416 assam
934 3376 1206 3437 tamquam
1251 3364 1697 3420 medicamentum
1725 3363 1797 3420 ad
1838 3364 2032 3439 dejecti
2070 3364 2340 3437 appetitus
2432 3418 2438 3423 .

221 3446 422 3503 fastidia
440 3446 674 3503 tollenda
692 3488 712 3517 ‚
743 3450 1078 3505 stomachum
1117 3451 1484 3508 roborandum
1504 3493 1522 3521 ,
1541 3452 1696 3508 flatus
1720 3452 2084 3508 discutiendos
2108 3465 2161 3507 et
2186 3471 2341 3507 vene·

219 3554 330 3589 rem
351 3534 708 3592 usitandum.

283 3623 516 3679 Galenus
550 3635 726 3679 tamen
743 3664 762 3693 ,
797 3625 890 3682 lib.
916 3627 1052 3681 vm
1083 3626 1154 3683 de
1177 3627 1360 3702 Simpl.
1405 3646 1593 3685 omues
1626 3628 1809 3703 silphii
1842 3640 2017 3703 partes
2054 3626 2343 3685 flatulentoe

219 3710 452 3767 menfi-
477 3730 588 3766 ease
623 3713 960 3785 pronuntiat,
994 3730 1060 3768 ac
1093 3715 1322 3788 proinde
1359 3728 1518 3772 coctu
1555 3718 1839 3787 difficiles3
1880 3718 2011 3773 feris
2034 3728 2211 3772 umen
2236 3718 2343 3771 im-

217 3800 404 3870 positas
439 3801 651 3873 corpori
687 3802 1014 3859 efficaciores
1043 3822 1158 3859 esse
1189 3817 1243 3859 et
1278 3806 1621 3880 potissimum
1646 3824 1899 3873 succum,
1935 3807 2023 3863 cui
2048 3806 2341 3861 admodum

217 3887 560 3943 atu-linteus
580 3887 884 3946 facultatem
907 3892 1094 3947 tribuit
1109 3929 1127 3957 ,
1145 3906 1201 3949 et
1233 3905 1485 3965 praterea
1509 3895 1619 3950 vim
1641 3896 2022 3951 excrescentias
2038 3894 2342 3949 emolliendi

219 3986 270 4027 et
287 3974 548 4049 liquandi.

284 4062 488 4119 Plinius
519 4084 734 4139 quoque
770 4067 908 4123 laser
947 4088 1080 4124 cum.
1097 4070 1232 4126 cibis
1265 4072 1480 4125 mistum
1521 4072 1758 4127 difficilis
1791 4072 2051 4129 coctionis
2084 4084 2293 4126 accusat
2320 4090 2337 4127 ε

221 4148 502 4207 inflationes
548 4166 602 4209 et
631 4168 815 4210 ructus
860 4156 1155 4230 producere
1176 4196 1192 4223 ,
1228 4171 1281 4215 et
1318 4161 1488 4215 urina
1523 4160 1740 4215 noxium
1772 4178 1886 4215 esse
1919 4158 2069 4215 dicit.
2111 4160 2343 4233 Insuper

223 4236 358 4293 illius
382 4258 538 4295 usum
571 4240 630 4297 in
669 4242 971 4317 odontalgia
1001 4244 1180 4315 timet,
1211 4264 1406 4321 magno
1439 4247 1802 4321 experimento
1843 4247 2071 4303 hominis
2090 4247 2185 4322 qui
2209 4266 2345 4303 seea
