3150 5150
931 603 1253 674 LIBER
1288 606 1471 674 XX.
2123 606 2274 680 533

260 733 469 803 XXX.
516 729 941 802 Ciehorium'
986 733 1356 830 refrigerat.
1403 738 1485 805 In
1520 735 1673 805 cibo
1714 753 2052 832 sumptum
2093 753 2162 808 et
2195 738 2271 810 'il-
2317 771 2338 805 1

166 844 339 912 litum
362 836 813 924 collectioneS,
848 864 1215 935 succusque
1244 841 1501 912 decocti
1526 857 1830 912 ventrem
1857 843 2069 914 solvit.
2095 848 2134 915 J
2137 847 2273 917 oci-

163 949 323 1031 neri,
353 960 419 1015 et
434 944 739 1032 renibus,
778 960 847 1015 et
874 947 1223 1018 stomacho
1240 947 1532 1042 prodest.
1554 951 1723 1019 Item
1757 950 1813 1020 si
1840 951 1908 1020 in
1933 966 2124 1022 aceto
2159 951 2272 1024 de·

160 1067 465 1148 coquatur
482 1103 504 1138 ‚
546 1052 755 1122 urinae
790 1054 1076 1122 tormina
1120 1052 1404 1126 discutit.
1448 1057 1618 1124 Item
1657 1057 1966 1127 morbum
2015 1060 2272 1153 regium

158 1187 193 1230 e
232 1156 436 1228 mulso
460 1211 482 1244 ‚
538 1158 593 1227 si
640 1159 780 1227 sine
826 1158 1009 1229 febre
1058 1159 1163 1229 sit.
1219 1161 1525 1232 vesicam
1566 1161 1860 1257 adjuvat.
1903 1162 2270 1235 Mulierum

155 1265 405 1361 quidem
442 1264 949 1359 purgationibus
976 1254 1327 1336 decoctum
1355 1268 1424 1336 in
1458 1291 1626 1362 aqua
1661 1268 1828 1339 adeo
1861 1269 2167 1364 prodest,
2196 1285 2274 1340 ut

154 1385 476 1442 emortuos
512 1385 740 1466 partus
760 1370 1001 1441 trahat.
1033 1371 1373 1466 Adjiciunt
1406 1375 1620 1469 Magi,
1657 1399 1858 1446 succo
1881 1377 2086 1446 totius
2111 1401 2269 1446 cum
2303 1409 2308 1414 ·

152 1477 289 1548 oleo
322 1492 680 1572 perunctos
716 1476 1209 1548 favorabiliores
1245 1477 1387 1550 fieri
1408 1533 1427 1564 ‚
1465 1493 1533 1550 et
1562 1505 1710 1574 quae
1744 1480 1987 1568 velint,
2017 1481 2272 1554 facilius

154 1587 523 1678 impetrare.
561 1582 763 1674 Quod
790 1583 1057 1677 quidem
1082 1599 1358 1680 propter
1378 1585 1778 1682 singularem
1815 1585 2268 1660 salubritatem

150 1689 337 1784 aliqui
365 1685 715 1759 chreston²
764 1688 1127 1785 appellant,
1166 1689 1274 1760 alii
1309 1693 1718 1787 pancration.
2329 1713 2340 1726 ‘

248 1797 504 1866 XXXI.
570 1799 659 1874 Et
696 1793 1027 1866 silvestre¹
1071 1821 1280 1892 genus
1300 1850 1318 1878 ,
1376 1797 1487 1869 alii
1525 1799 1946 1895 hedypnoida
1989 1815 2266 1889 vocant,
2310 1823 2334 1858 1

150 1901 385 1972 latioris
411 1900 575 1971 folii.
602 1902 1033 1973 Stomachum
1058 1903 1450 1974 dissolutum
1486 1905 1835 2001 adstringit
1861 1922 2085 1995 cocta3
2124 1933 2271 1977 cru·

147 2008 352 2104 daque
396 2008 566 2078 sistit
612 2006 881 2096 alvum3
929 2023 998 2079 et
1043 2009 1468 2105 dysentericis
1520 2011 1824 2107 prodest,
1866 2013 2074 2108 magis
2114 2039 2268 2084 cum

146 2113 328 2185 lente.
378 2117 611 2210 Rupta
652 2129 721 2184 et
752 2113 1073 2185 convulsa
1122 2131 1403 2213 utroque
1445 2143 1686 2213 genere
1717 2119 2056 2213 juvantur.
2095 2121 2268 2190 Item

142 2222 373 2315 quibus
400 2218 745 2315 genitura²
780 2219 1175 2292 valetudinis
1216 2225 1456 2294 morbo
1491 2223 1739 2295 effluat.

238 2330 535 2398 XXXII.
580 2325 793 2397 Seris¹
830 2342 894 2398 et
932 2329 1075 2423 ipsa
1104 2327 1375 2400 lactucae
1411 2329 1780 2416 simillima,
1813 2330 2102 2402 duorum
2147 2355 2258 2428 ge·
2313 2357 2333 2392 ι

141 2459 369 2505 nerum
407 2448 517 2504 est
558 2459 574 2501 ε
612 2432 926 2504 silvestris
960 2433 1214 2505 melior.
1276 2437 1488 2531 Nigra
1521 2437 1645 2507 ista
1671 2489 1692 2522 ‚
1742 2451 1808 2506 et
1848 2437 2113 2524 aestiva3
2155 2436 2268 2507 de·

142 2539 371 2611 terior²
413 2541 730 2623 hiberna,
773 2555 841 2612 et
879 2541 1266 2613 candidior:
1302 2556 1584 2639 utraque
1623 2567 1846 2614 amara
1862 2599 1883 2633 ‚
1924 2544 2270 2616 stomacho

138 2790 335 2831 tantum
364 2777 539 2831 sativa
572 2788 650 2831 est
671 2794 686 2831 :
708 2777 875 2849 paulo
900 2790 1020 2849 post
1039 2796 1163 2849 por·
1244 2789 1523 2849 sumptum
1570 2776 1946 2849 jucundiorem
1998 2779 2228 2835 animam
2257 2821 2272 2843 .

134 2876 194 2908 ro
238 2870 301 2910 er
340 2858 513 2911 satin
534 2896 553 2924 ‚
579 2870 635 2911 et
682 2856 965 2923 silvestris,
999 2875 1159 2931 quam
1246 2856 1648 2930 suavioremque
1662 2858 1846 2925 faciat,
1867 2858 1926 2917 id
1953 2857 2096 2929 apud
2117 2860 2271 2913 Grae·

134 2936 285 2989 etiam
298 2950 353 2990 et
366 2936 763 3003 cichorium‚et
773 2935 1165 3009 pict-idavocari
1245 2956 1336 2992 cos
1356 2955 1553 2991 nomen
1579 2938 1781 2992 invenit
1797 2978 1812 3004 ,
1833 2934 2094 2999 ἡδυπνοΐς.,
2121 2938 2189 2993 Η.

134 3017 303 3069 mose.
331 3018 544 3071 scribit.
572 3019 778 3072 Dato.
1332 3036 1381 3070 ι.
1419 3014 1675 3073 Gentem-a.
1703 3017 1950 3071 Genitale
1972 3036 2171 3071 semen.
2198 3019 2270 3075 H.

206 3095 383 3149 XXX.
434 3114 489 3150 ι.
538 3097 831 3151 cichorium.
866 3096 1161 3151 Etr-ticum
1324 3096 1559 3151 xxxn.
1594 3117 1643 3152 1.
1683 3096 1832 3149 Set-is.
1867 3096 2274 3163 Colum.v111,

128 3172 375 3229 videlicet
392 3176 801 3237 intubum‚sive
820 3178 997 3247 πικρίς.
1025 3177 1095 3229 Η.
1253 3184 1323 3241 14
1357 3188 1371 3222 :
1406 3200 1431 3223 ε
1451 3174 1636 3229 Genus
1669 3176 1872 3241 intubi,
1907 3175 2056 3247 quod
2095 3176 2271 3231 Greci

204 3276 257 3307 α.
296 3256 489 3327 Aliqua·
512 3258 747 3310 chreston.
778 3258 973 3328 Χρηςὸν
1000 3274 1032 3310 a
1060 3257 1161 3309 bo·
1247 3258 1374 3325 σίριν
1395 3256 1682 3327 appellant.
1701 3280 1724 3302 ι
1749 3255 1987 3309 Sativum
2004 3253 2272 3324 videlicet,

126 3334 315 3399 nitate,
368 3337 687 3409 παγκράτιον
730 3337 798 3389 ab
841 3336 1036 3390 eximia
1076 3336 1163 3402 vi,
1245 3336 1356 3389 sive
1371 3333 1636 3390 hor-tense.
1656 3335 1784 3390 Haec
1804 3333 1972 3392 duum
1997 3353 2274 3407 generum,

120 3414 533 3487 efficientiaqne
548 3412 875 3469 omnimoda.
898 3414 964 3469 H.
1248 3412 1557 3469 Diocooride
1583 3415 1743 3468 etiam
1783 3426 1997 3469 auctore
2035 3428 2112 3469 est
2128 3454 2148 3481 ,
2183 3417 2239 3483 ῌ
2255 3454 2272 3482 ,

200 3495 417 3548 ΧΧΧῙ.
454 3514 481 3550 1
496 3533 511 3547 .
540 3496 615 3549 Et
642 3495 850 3547 summ
871 3514 1053 3563 genus,
1077 3494 1168 3548 alia·
1256 3498 1362 3549 160
1379 3531 1396 3559 ,
1420 3507 1724 3567 quanquam
1760 3494 1805 3547 is
1829 3492 2062 3548 diversas
2084 3494 2272 3551 discri-

119 3573 441 3645 hedypnoida
468 3588 662 3629 vocant.
688 3575 907 3629 Scribo:
944 3599 967 3622 ι
994 3575 1089 3627 Est
1114 3586 1167 3629 et
1249 3574 1408 3627 minis
1440 3586 1594 3627 notas
1627 3576 1797 3628 affert.
1827 3575 1908 3626 De
1932 3570 2088 3630 vocis.
2115 3576 2274 3646 hujus

116 3653 363 3708 silvestre
379 3674 560 3725 genus
575 3656 829 3709 alterum:
862 3652 1166 3727 hedypnoi-
1248 3655 1364 3706 seris
1382 3653 1654 3707 intellectu
1677 3652 1803 3708 vide
1828 3654 2016 3709 Galen.
2041 3653 2111 3709 de
2131 3656 2274 3710 alim.

118 3732 185 3786 da
238 3746 449 3789 vocant
488 3760 513 3783 ι-
538 3775 553 3800 ,
594 3753 659 3788 ex
707 3746 809 3788 vet.
861 3732 981 3787 eod.
1027 3733 1164 3787 Nam
1250 3735 1374 3789 Fac.
1404 3734 1499 3799 11,
1528 3738 1621 3799 4¹·
1654 3734 1836 3788 Ilum.
2265 3792 2270 3799 ,

114 3812 428 3868 indicatum
459 3827 546 3869 est
577 3816 803 3869 alterum
838 3832 1005 3885 genus
1030 3813 1169 3867 beto
1332 3834 1388 3867 ο.
1423 3809 1660 3867 Deterior.
1704 3814 1844 3881 Quo
1870 3832 1901 3867 a
1929 3812 2279 3869 similitudine

114 3892 378 3948 silvestris
403 3912 579 3967 quam
606 3893 870 3949 limonion
890 3892 1097 3960 dicunt,
1112 3906 1167 3947 et
1251 3894 1469 3949 lactuca
1489 3931 1510 3963 2
1536 3892 1654 3947 alba
1682 3894 1884 3951 lactuca
1911 3911 1942 3946 a
1974 3893 2152 3945 Plinio
2174 3895 2282 3947 Va·

114 3973 367 4043 sequitur
414 3974 591 4047 paulo
632 3973 770 4027 infra
793 3991 807 4025 τ
850 3996 873 4017 ι
900 3974 1075 4043 Rupta
1118 3986 1172 4027 et
1250 3974 1459 4029 leriano
1485 3971 1699 4035 dicitur,
1726 3990 1791 4025 eo
1817 3991 1976 4044 quem
2007 3990 2132 4025 mox
2151 3974 2282 4027 affe·

114 4055 380 4107 convulsa
398 4067 644 4125 utroque
656 4070 850 4125 genere
865 4053 1121 4111 levantur.
1140 4079 1163 4100 ι
1264 4072 1441 4107 remus
1458 4054 1596 4107 loco.
1631 4052 1890 4115 Silyestris
1902 4049 2085 4105 eadem
2101 4053 2282 4125 appel-

114 4130 275 4186 Ptnr.
304 4164 393 4175 —-
428 4133 749 4187 cichorium
786 4132 989 4185 latioris
1030 4133 1143 4185 folii
1161 4171 1177 4195 ‚
1264 4134 1424 4197 latur,
1447 4130 1593 4203 quod
1617 4144 1723 4197 cst,
1755 4144 1812 4183 ut
1836 4131 1912 4185 ait
1929 4130 2104 4183 Diosc.
2125 4151 2290 4203 angu-

114 4211 260 4283 apud
286 4212 526 4269 Dodon.
546 4232 600 4287 p.
624 4214 693 4267 62
704 4215 755 4269 3.
778 4210 943 4277 Quod
970 4213 1024 4266 in
1053 4214 1176 4269 cibo
1266 4213 1427 4267 stiorc
1454 4212 1584 4265 folio
1599 4249 1615 4279 ‚
1639 4224 1689 4265 ct
1717 4210 1993 4263 amariore.
2025 4210 2210 4275 Ham).

1902 4304 2028 4406 34³
