3150 5150
813 557 956 604 120
1329 534 1404 601 C.
1463 534 1811 602 PLINII
1866 535 2085 603 NA‘R
2148 533 2403 600 HlS'l.

802 648 1114 734 debent⁶⁶
1220 648 1474 732 Rami⁶⁷
1533 690 1572 732 a
1627 665 1929 759 projectu
1985 662 2339 758 digitorum
2386 661 2586 732 modo
2638 661 2879 791 subrigi
2898 714 2918 744 ,

805 769 1030 840 tonsili
1075 769 1142 837 in
1189 769 1294 838 his
1339 772 1637 840 tenuium
1694 794 1959 864 quoque
2010 767 2447 864 virgultorum
2496 767 2706 836 barba
2716 753 2805 851 ⁶⁸,
2844 793 2927 836 ne

807 876 1207 946 obumbrent
1219 859 1293 942 ⁶⁹.
1361 875 1861 946 Intervallum⁷⁰
1902 877 2150 968 justum
2202 875 2552 961 arbo-rum,
2614 876 2679 943 si
2706 889 2925 943 aretur

807 983 1060 1069 solum,
1101 979 1504 1076 quadrageni
1544 983 1803 1078 pedes
1786 1008 1853 1052 in
1890 996 2077 1076 terga
2120 981 2573 1074 frontemque,
2614 982 2682 1048 in
2728 979 2925 1049 latera

807 1091 1040 1158 viceni.
1085 1089 1155 1156 Si
1189 1113 1325 1157 non
1361 1103 1621 1176 aretur,
1663 1089 1794 1159 hoc
1837 1091 1905 1156 in
1952 1087 2222 1157 otnnes⁷
2299 1100 2540 1179 partes.
2584 1085 2923 1180 Singulis⁷²

806 1195 1010 1264 denas
1037 1218 1208 1288 saepe
1241 1193 1630 1264 adnutriunt
1656 1197 1855 1283 viteS,
1886 1195 2201 1264 damnato
2236 1191 2525 1288 agricola
2551 1194 2773 1262 minus
2804 1205 2927 1260 ter-

808 1303 926 1370 nis.
972 1287 1360 1369 Marita1·³e⁷
1365 1352 1384 1385 ‚
1428 1303 1553 1371 nisi
1606 1291 1892 1384 validas,
1928 1302 2308 1384 inimicum,
2352 1313 2669 1368 enecante
2724 1296 2927 1366 veloci

808 1408 1042 1476 vitium
1091 1407 1519 1477 incremento.
1573 1393 1873 1478 Serere⁷⁴
1915 1406 2300 1501 tripedaneo
2346 1405 2579 1475 scrobe
2632 1427 2932 1474 necessa-

807 1515 978 1582 rium
997 1513 1312 1583 distantes
1333 1516 1506 1583 inter
1523 1539 1664 1584 sese
1676 1514 2113 1606 arboremque
2132 1511 2405 1606 singulis
2431 1511 2731 1606 pedibus.
2756 1510 2931 1578 Nihil

685 1633 696 1644 ·
807 1621 897 1687 ibi
941 1617 1260 1688 malleolis
1295 1634 1492 1713 atque
1526 1621 1977 1716 pastinationi,
2024 1617 2205 1688 nulla
2242 1617 2532 1687 fodiendi
2567 1616 2936 1712 impendia:

805 1738 1038 1820 utpote
1068 1750 1273 1819 quum
1300 1726 1552 1796 arbusti
1578 1729 1748 1796 ratio
1768 1727 1895 1795 hac
1912 1723 2226 1820 peculiari
2246 1724 2401 1793 dote
2429 1737 2735 1818 praestet,
2762 1723 2933 1817 quod

807 1834 874 1898 in
911 1830 1144 1900 eodem
1187 1829 1328 1900 solo
1367 1833 1494 1900 seri
1538 1832 1763 1927 fruges
1800 1846 1867 1902 et
1923 1831 2170 1900 vitibus
2219 1829 2509 1974 prodest.
2560 1831 2933 1924 Superque,

807 1936 985 2031 quod
1011 1936 1353 2005 vindicans
1375 1962 1445 2006 se
1467 1935 1775 2024 altitudo,
1799 1961 1977 2021 non,
2000 1950 2076 2006 ut
2098 1938 2166 2005 in
2190 1935 2419 2006 vinea⁷
2460 1987 2479 2020 ‚
2424 1922 2591 2003 ⁵ad
2620 1935 2935 2005 arcendas

887 2171 984 2221 66.
1027 2168 1216 2219 Palma
1261 2168 1448 2220 debent.
1505 2169 1633 2221 Vet.
1684 2165 1833 2238 apud

809 2247 990 2300 Dalec.
1017 2247 1258 2316 palmites.
1290 2247 1394 2300 En.

888 2329 979 2396 67.
1003 2327 1167 2378 Romi.
1185 2325 1833 2398 Ulmorum‚aliarumque

809 2407 1085 2469 arborum,
1098 2424 1164 2457 ex
1185 2405 1384 2477 quibua
1407 2406 1681 2459 arbustum
1708 2423 1835 2458 con-

809 2498 910 2538 stat
921 2503 936 2537 ε
955 2485 1014 2536 hi
1029 2503 1140 2537 aeae
1151 2485 1220 2537 ab
1233 2485 1426 2537 arbore
1437 2485 1747 2556 proJiciunt.
1760 2486 1831 2536 H.

892 2565 985 2619 68.
1033 2563 1223 2619 Barba.

812 2723 992 2793 Virgae
1018 2734 1143 2775 sunt
1161 2724 1373 2777 Colum.
1392 2724 1489 2776 lih.
1508 2725 1582 2788 V,
1608 2742 1727 2795 cap.
1758 2742 1793 2793 7
1814 2742 1828 2776 ε

815 2829 839 2850 ι
867 2802 1189 2872 Plerumque
1228 2816 1404 2855 autem
1445 2822 1506 2856 ea
1553 2804 1718 2855 arbor
1774 2804 1831 2855 in

813 2894 918 2935 tren
955 2900 1132 2934 ramos
1163 2880 1427 2935 dividitur
1445 2922 1461 2945 ,
1495 2882 1693 2955 quibus
1728 2882 1834 2935 sin-

807 2961 944 3031 gulis
985 2962 1051 3013 ab
1093 2974 1318 3033 utraque
1365 2975 1518 3033 parte
1551 2962 1841 3032 complura·

809 3040 1024 3093 brachia
1051 3041 1474 3095 submittuntur:
1511 3054 1623 3096 tum
1648 3060 1833 3095 omnes

809 3138 958 3191 pone
999 3119 1162 3189 virgo
1177 3158 1194 3186 ‚
1243 3138 1313 3173 ne
1361 3121 1719 3186 obumbrent,
1766 3140 1833 3174 eo

809 3212 1068 3271 tempore,
1111 3219 1220 3270 quo
1255 3200 1378 3254 vitia
1409 3213 1654 3271 putatur,
1688 3201 1830 3253 abra·

807 3276 1031 3333 duntur.
1063 3305 1085 3326 ·
1121 3278 1306 3332 Ham).

835 3392 840 3399 -
887 3362 978 3427 69.
993 3358 1072 3412 Ne
1080 3358 1374 3413 obumbrent.
1387 3360 1468 3414 Ne
1479 3361 1654 3413 amula
1664 3360 1831 3412 umbra

805 3440 902 3489 vita·
925 3449 1111 3498 noceat,
1133 3452 1195 3490 ut
1213 3437 1284 3491 ait
1297 3438 1418 3492 Col.
1434 3440 1528 3492 iil).
1533 3441 1606 3505 V,
1632 3458 1680 3493 c..
1696 3444 1747 3493 6.
1763 3442 1831 3492 H.

887 3518 1343 3586 70.1mervauum.
1385 3519 1603 3571 Colum.
1632 3519 1725 3573 lib.
1758 3520 1831 3585 V,

805 3614 920 3695 cap.
963 3612 1049 3665 7.
1097 3597 1467 3651 ‘Arboribus
1508 3598 1835 3669 rumpotiuia

802 3664 948 3741 (hoc
995 3686 1114 3739 eat,
1143 3677 1456 3741 arbustivia,
1487 3689 1550 3730 ut
1598 3676 1831 3731 diximus

772 3754 897 3819 lib.
923 3754 1074 3811 xlv,
1103 3772 1221 3825 cap.
1261 3748 1368 3823 3),
1409 3757 1452 3809 ai
1499 3758 1831 3810 frumentum

799 3852 914 3887 non
937 3834 1208 3895 inseritur,
1233 3834 1292 3887 in
1317 3849 1597 3907 utramque
1624 3836 1829 3906 partem

799 3931 871 3965 xx
931 3910 1130 3984 pedum
1195 3914 1366 3985 spatia
1437 3915 1824 3970 interveniunt.

800 3995 872 4047 At
903 3993 948 4045 si
969 3995 1230 4064 segetibus
1257 3994 1630 4065 indulgetur,
1614 4014 1671 4047 ιιι
1702 3996 1827 4049 alte-

797 4092 914 4127 ram
939 4085 1146 4145 partem
1183 4094 1252 4127 xl.
1278 4074 1472 4146 pedes,
1511 4076 1568 4127 in
1604 4076 1825 4131 alteram

799 4170 866 4203 xx
895 4152 1283 4223 relinquuntur.
1317 4156 1558 4209 ..Ηιιιιι

1271 2565 1482 2618 Romuli
1532 2565 1843 2622 tenuiorem

783 2644 902 2717 squi
955 2660 988 2696 e
1055 2644 1397 2697 crassioribus
1448 2644 1831 2715 pullulaacunt.

2001 2185 2095 2237 71.
2128 2167 2239 2219 Hoc
2262 2170 2313 2218 iu
2339 2185 2512 2220 omnes.
2541 2165 2609 2219 Id
2628 2179 2742 2232 eat,
2774 2167 2933 2220 viceni

1918 2246 2082 2317 pedes
2114 2231 2415 2298 inlomnem
2447 2257 2654 2316 partem
2675 2280 2693 2307 ‚
2724 2246 2933 2300 Colum.

1918 2327 1955 2378 l.
1980 2345 2028 2378 c.
2060 2337 2116 2378 et
2144 2344 2265 2395 cap.
2290 2330 2343 2378 6.
2375 2324 2556 2378 Huu).

2002 2423 2094 2474 7².
2126 2403 2363 2474 Singulis.
2393 2403 2627 2475 Singulis
2654 2406 2937 2458 arboribus

1919 2484 2079 2538 denas
2106 2503 2243 2556 supe
2268 2485 2486 2555 alligant
2518 2484 2686 2538 vites:
2718 2483 2933 2538 damna·

1919 2578 2005 2618 tur
2024 2563 2245 2617 incuria
2283 2577 2335 2619 et
2366 2565 2646 2635 imperitia
2673 2564 2899 2635 agricola
2916 2606 2929 2625 ,

1921 2642 2016 2716 qui
2039 2657 2245 2697 tantum
2270 2657 2443 2697 ternas
2460 2646 2711 2716 applicet.
2734 2645 2808 2698 Η.

2001 2725 2094 2793 73.
2128 2724 2395 2786 Mat-itare,
2420 2728 2516 2776 nisi
2538 2724 2735 2776 validas
2752 2765 2769 2791 ,
2792 2728 2938 2777 ἱιιὶιιιὶ-

1918 2822 2025 2855 cm
2044 2841 2060 2865 ‚
2102 2816 2339 2857 enecante.
2394 2804 2681 2873 Eleganter
2728 2804 2934 2859 Colum.

1917 2883 2094 2947 lib.V,
2120 2902 2239 2955 cap.
2260 2890 2323 2937 6:
2372 2907 2395 2930 ι
2424 2882 2499 2936 At
2526 2884 2570 2935 si
2599 2895 2842 2937 teneram
2862 2886 2937 2937 ul·

1919 2981 2067 3015 mum
2100 2963 2449 3028 maritaret-is,
2480 2981 2677 3015 novam
2724 2966 2935 3017 sufferet

1904 3042 2081 3095 'vitem
2111 3063 2126 3094 ε
2154 3044 2195 3095 si
2212 3054 2466 3097 vetustam
2492 3044 2657 3095 vitem
2676 3044 2939 3114 applicue-

1918 3122 1989 3175 ris
2006 3162 2020 3185 ,
2074 3126 2355 3193 conjugem
2398 3122 2611 3175 necabit
2660 3140 2677 3175 ε
2730 3124 2806 3177 ita
2844 3124 2935 3176 aibi

1917 3218 2071 3271 pares
2106 3220 2216 3255 ease
2244 3214 2392 3255 aetate
2420 3216 2473 3255 et
2500 3202 2709 3254 viribus
2728 3204 2937 3256 arbores

1920 3280 2157 3352 vitesque
2190 3280 2457 3335 convenit.
2471 3308 2494 3329 a·
2516 3281 2705 3334 Ham).

2002 3366 2095 3430 74.
2126 3359 2310 3413 Serere.
2332 3361 2483 3415 Vites
2500 3362 2797 3414 nimirum:
2816 3380 2939 3433 quas

1922 3441 1989 3492 ab
2024 3441 2217 3493 arbore
2256 3460 2349 3495 sua
2382 3438 2579 3494 distare
2612 3440 2941 3513 sesquipedia

1919 3519 2123 3589 spatio,
2166 3517 2431 3573 Palladius
2486 3520 2671 3591 jubet,
2716 3521 2817 3575 lib.
2864 3522 2941 3573 111

1918 3600 1977 3651 in
2010 3599 2168 3652 Febr.
2198 3600 2278 3653 tit.
2302 3617 2396 3664 ιο,
2418 3618 2475 3669 p.
2500 3599 2592 3668 57.
2620 3598 2807 3653 Pedali
2832 3614 2939 3655 tan-

1921 3691 2032 3732 tum
2050 3718 2068 3743 .‚
2096 3691 2157 3731 ut
2182 3678 2415 3744 Plinius',
2444 3679 2518 3731 ita
2534 3692 2589 3732 et
2613 3679 2829 3734 Colum.
2850 3681 2937 3733 lib.

1920 3757 1991 3811 de
2008 3759 2143 3811 Arb.
2183 3762 2269 3812 16.
2303 3758 2488 3813 Ham).

2001 3839 2095 3907 75.
2126 3839 2269 3903 Non,
2317 3852 2373 3890 ιιιΙ
2399 3842 2449 3889 in
2490 3842 2652 3890 viaco.
2684 3840 2757 3892 Et
2784 3839 2841 3891 in
2867 3858 2942 3891 ar-

1917 3918 2076 3976 busto
2102 3936 2341 3990 quoque,
2382 3918 2485 3971 nisi
2516 3920 2575 3970 in
2606 3918 2803 3972 eodem
2832 3921 2939 3972 solo

1916 4010 2039 4050 sate
2066 4010 2187 4051 sunt
2208 3999 2415 4069 fruges,
2444 4000 2513 4050 ab
2554 3994 2771 4068 injuria
2788 4016 2937 4069 peco-

1914 4078 1990 4130 ris
2016 4076 2187 4131 caveis
2212 4077 2445 4130 emuniri
2466 4077 2630 4143 vites,
2652 4090 2811 4131 caute
2847 4078 2941 4130 co·

1914 4156 2129 4211 lamella
2155 4156 2409 4211 admonet
2427 4196 2441 4218 ,
2494 4158 2590 4210 lib.
2616 4158 2686 4219 V,
2721 4178 2769 4213 c.
2788 4163 2840 4212 6.
2868 4158 2935 4209 fl.
