3150 5150
788 844 811 877 1

865 471 992 542 162
1395 473 1471 540 C.
1525 469 1861 538 PLINlI
1913 469 2129 538 NAT.
2178 469 2433 538 HIST.

853 610 1034 676 titur.
1059 605 1328 697 Quippe
1360 625 1581 671 sermo
1618 603 1793 670 circa
1833 623 1986 668 rura
2022 615 2153 686 est,
2177 615 2599 695 agrestesque
2630 623 2841 688 usus3
2886 599 2989 670 sed

851 712 1089 806 quibus
1109 712 1158 738 ²⁰
1199 712 1336 778 vita
1369 708 1714 801 honosque
1744 707 1919 802 apud
1954 708 2207 800 priscos
2234 709 2559 776 maximus
2590 707 2819 778 fuerit.

960 820 1050 886 11.
1087 807 1229 906 (ιι.)
1261 819 1595 883 Arvorum
1630 812 2035 884 sacerdotes¹
2078 812 2405 883 Romulus
2442 815 2510 882 in
2550 815 2783 908 primis
2826 816 2991 883 insti

855 926 978 995 tuit
999 979 1018 1010 ,
1057 946 1258 1017 seque
1277 920 1748 990 duodecimum
1778 920 2051 989 fratrem
2088 918 2447 1015 appellavit
2478 920 2653 990 inter
2682 919 2883 1008 illesi,
2920 922 2989 989 ab

853 1035 1032 1100 Acca
1068 1029 1424 1098 Laurentia
1461 1027 1721 1096 nutrice
1758 1051 1875 1096 sua
1913 1027 2169 1121 genitos
2188 1041 2217 1110 ,“
2255 1027 2473 1121 spicea
2517 1049 2799 1109 corona,
2852 1053 2989 1121 quae

853 1139 1017 1206 vitta
1045 1133 1198 1213 alba
1235 1132 1691 1228 colligaretur,
1725 1134 1795 1202 in
1824 1131 2195 1202 sacerdotio
2219 1134 2310 1202 eis
2338 1155 2464 1227 pro
2500 1130 2989 1228 religiosissimo

851 1241 1088 1336 insigni
1119 1240 1271 1309 data
1294 1293 1313 1326 ‚
1335 1264 1484 1334 quae
1519 1240 1735 1333 prima
1781 1239 1961 1334 apud
1995 1241 2335 1309 Romanos
2362 1237 2491 1308 fuit
2533 1256 2849 1309 corona·
2890 1241 2989 1308 ho·

855 1371 1109 1442 nosque
1132 1348 1185 1416 is
1213 1371 1348 1416 non
1376 1347 1502 1414 nisi
1531 1347 1669 1414 vita
1686 1342 2003 1414 ²finitur:
2036 1360 2105 1415 et
2126 1344 2383 1415 exsules
2402 1345 2599 1414 etiam
2626 1361 2987 1442 captosque

854 1457 1230 1524 comitatur.
1271 1453 1434 1521 Bina
1471 1465 1633 1520 tunc
1656 1451 1893 1547 jugera
1905 1438 2209 1546 ³populo
2245 1475 2525 1522 romano
2560 1453 2717 1522 satis
2761 1469 2987 1537 erant,

853 1559 1150 1653 nullique
1197 1544 1562 1651 majorem⁴
1601 1558 1875 1628 modum
1926 1559 2280 1628 attribuit:
2327 1582 2461 1652 quo
2510 1582 2741 1628 servos
2792 1559 2989 1654 paulo

737 1707 758 1722 κ
849 1681 1004 1736 ante
1040 1666 1355 1760 principis
1390 1664 1714 1750 Neronis,
1742 1666 2139 1759 contemptis
2168 1664 2365 1758 hujus
2402 1666 2597 1758 spatii
2632 1665 2989 1752 viridariis,
3094 1687 3096 1714 ¹

935 1885 1021 1920 ιο.
1074 1863 1176 1918 Sed
1223 1863 1390 1938 quibus
1449 1865 1557 1915 vita
1620 1865 1874 1936 honosque.

849 1943 1120 2011 Quoniam
1169 1941 1418 2014 frugibus
1471 1955 1678 1996 tantum
1698 1981 1715 2008 ‚
1766 1962 1874 1996 non

847 2022 1161 2095 conquisitis
1181 2023 1458 2094 epularum
1483 2019 1709 2087 deliciis,
1730 2041 1878 2076 aren·

851 2118 956 2158 tur.
990 2104 1196 2157 Duae.

927 2185 1002 2237 11.
1055 2202 1103 2237 ι.
1135 2183 1376 2236 Ara-onan·
1416 2181 1703 2234 sacerdotes.
1734 2177 1877 2232 Vide

851 2264 1010 2334 hujus
1057 2263 1135 2315 rei
1179 2261 1452 2315 historiam
1501 2258 1644 2332 apud
1673 2259 1875 2332 Lilium

851 2339 1174 2416 Gyraldum.
1229 2366 1252 2389 ι
1273 2341 1494 2394 Arvales
1537 2337 1877 2400 sacerdotes,

853 2421 1029 2492 inquit
1057 2419 1330 2492 anscius,
1362 2419 1454 2472 lib.
1485 2419 1534 2471 X
1553 2457 1570 2484 ‚
1612 2437 1730 2489 cap.
1762 2419 1835 2482 34
1860 2456 1877 2482 ,

851 2514 908 2554 et
931 2499 1025 2554 lib.
1051 2499 1157 2563 xl,
1179 2517 1296 2572 cap.
1335 2499 1365 2553 5
1393 2499 1671 2552 Observat.
1697 2500 1741 2550 el
1764 2497 1877 2568 περὶ

851 2584 969 2653 ὅρων
993 2575 1202 2641 &inueni
1229 2578 1584 2633 terminorum
1606 2596 1877 2631 sacrorum

854 2674 906 2715 et
932 2658 1120 2713 finium
1157 2658 1346 2731 jurgiis
1377 2657 1721 2711 terminandis
1743 2675 1877 2728 pro·

855 2750 1037 2803 erant,
1062 2750 1115 2791 et
1141 2738 1582 2791 interveniebant.
1607 2762 1631 2783 ι
1674 2740 1877 2791 Duae.

857 2818 1207 2871 -Aworum
1234 2817 1470 2883 Gellius,
1486 2816 1581 2869 lib.
1606 2816 1687 2868 VI
1705 2856 1720 2881 ,
1740 2834 1787 2869 c.
1812 2834 1877 2886 7:

863 2925 887 2946 ι
911 2898 1136 2952 Sabinus
1165 2896 1432 2951 Masurius
1459 2896 1513 2949 in
1544 2896 1722 2967 primo
1763 2894 1881 2948 Me-

855 2977 1414 3031 morialium...Accnm
1428 2975 1763 3029 Laurentiam
1779 2974 1883 3028 Ro·

857 3058 992 3111 muli
1020 3056 1282 3111 nutricem
1305 3056 1463 3110 fuisse
1490 3053 1641 3108 dicit.
1670 3054 1745 3108 Es
1762 3094 1778 3121 ,
1798 3056 1883 3107 in·

857 3137 1008 3209 quit,
1053 3136 1246 3189 mulier
1304 3154 1369 3191 ex
1423 3132 1711 3187 duodecim
1759 3132 1883 3187 filiis

860 3216 1095 3271 maribus
1143 3234 1308 3269 unum
1357 3228 1526 3267 morte
1580 3214 1770 3267 amisit.
1816 3214 1879 3267 In

857 3295 1001 3349 illius
1028 3297 1208 3351 locum
1257 3294 1520 3349 Romulus
1559 3294 1714 3347 Acce
1739 3294 1881 3347 Lau·

862 3376 1044 3429 renti·
1075 3393 1189 3430 sese
1214 3374 1384 3429 filium
1431 3372 1581 3427 dedit
1601 3411 1619 3439 ‚
1645 3392 1804 3444 seque
1830 3388 1884 3430 et

863 3466 1080 3508 ceteros
1105 3456 1218 3525 ejus
1245 3452 1386 3507 filios
1423 3454 1635 3507 Fratres
1660 3452 1883 3509 Arvales

863 3532 1162 3604 appellavit.
1206 3534 1288 3586 Ex
1321 3552 1385 3586 eo
1427 3546 1672 3603 tempore
1722 3532 1884 3587 colle-

861 3612 1010 3683 gium
1061 3614 1252 3665 mansit
1298 3613 1544 3666 Fratrum
1606 3613 1882 3667 Arvalium

859 3709 1087 3744 nurnero
1111 3689 1396 3745 duodecim
1408 3730 1424 3755 ‚
1436 3693 1587 3761 cuius
1607 3692 1883 3748 sacerdotii

855 3771 1070 3842 insigne
1097 3784 1178 3824 est
1200 3771 1375 3839 spicea
1401 3788 1625 3827 corona,
1668 3782 1723 3823 et
1750 3770 1882 3828 albae

859 3849 1062 3903 infulis.
1083 3876 1107 3897 ι
1136 3852 1311 3904 Varro
1338 3848 1408 3904 de
1442 3850 1503 3904 L.
1529 3850 1591 3902 L.
1636 3850 1728 3903 lib.
1759 3850 1839 3902 1v
1863 3875 1876 3905 :

863 3954 888 3975 ι
913 3930 1117 3983 Fratres
1159 3930 1384 3983 Arvales
1429 3928 1560 3983 dicti
1594 3942 1720 3982 sunt
1739 3968 1754 3995 ,
1786 3932 1878 4002 qui

855 4028 1004 4063 sacra
1031 4010 1245 4081 publica
1271 4008 1472 4063 fuciunt
1494 4022 1803 4080 propterea,
1820 4025 1877 4065 ut

853 4090 1036 4160 fruges
1063 4089 1236 4144 (aaut
1272 4107 1415 4143 arva.
1434 4114 1456 4137 a
1490 4086 1627 4143 Inde
1654 4088 1835 4144 Festus
1859 4110 1872 4144 :

1965 1863 2337 1918 «Ambarvnles
2360 1863 2548 1918 hostie
2566 1863 2989 1935 appellabantur.

1961 1963 2078 2016 quae
2104 1963 2205 2014 pro
2232 1943 2374 1996 arvis
2414 1961 2443 1995 ι
2484 1941 2699 1996 duobus
2740 1945 2991 1998 fratribus

1963 2023 2465 2077 sacrificabantur.»
2504 2023 2687 2076 Eun.

2049 2123 2102 2156 ι.
2132 2103 2251 2156 Non
2272 2107 2372 2155 nisi
2398 2105 2525 2154 vita.
2550 2103 2639 2156 Sic
2660 2105 2989 2174 Augur-atus,

1962 2193 2013 2234 et
2044 2183 2357 2236 pontificale
2384 2179 2774 2247 sacerdotium,
2800 2201 2987 2254 perpe·

1964 2273 2051 2314 tun
2099 2261 2250 2315 fuere
2288 2279 2544 2328 munera,
2574 2280 2676 2314 nec
2710 2261 2827 2318 nisi
2878 2281 2987 2316 cum

1964 2340 2071 2392 vita
2096 2341 2229 2412 eripi
2267 2354 2571 2412 potuerunt.
2605 2341 2751 2394 Vide
2778 2343 2987 2396 Sueten.

1962 2420 2018 2472 in
2052 2421 2184 2491 Aug.
2210 2439 2336 2474 xxxi
2356 2459 2374 2486 ,
2403 2433 2459 2474 et
2496 2422 2681 2474 Senec.
2716 2420 2789 2476 de
2822 2421 2987 2475 Clem.

1962 2497 2057 2551 lib.
2084 2500 2111 2552 1
2130 2538 2144 2562 ,
2173 2519 2290 2572 cap.
2324 2519 2407 2554 ιο.
2429 2501 2519 2555 Sic
2538 2501 2593 2554 in
2616 2501 2807 2556 Gallio
2828 2501 2989 2572 nugi·

1962 2579 2209 2633 stratibus
2237 2582 2481 2648 summis,
2504 2582 2805 2635 cancellarii
2824 2582 2989 2653 digni-

1964 2673 2127 2728 tas,et
2152 2660 2266 2714 alise
2290 2659 2607 2732 quodnmes
2633 2660 2848 2715 donatae
2868 2680 2991 2734 prae-

1962 2739 2196 2809 rogativa
2229 2755 2368 2794 sunt.
2408 2742 2591 2794 Ham).

2049 2820 2101 2873 3.
2124 2820 2255 2873 Bina
2278 2832 2391 2873 tune
2406 2823 2603 2891 jugera.
2628 2822 2806 2875 Varro
2826 2820 2905 2874 de
2920 2822 2987 2873 Re

1966 2900 2116 2952 Rust.
2146 2899 2237 2951 lib.
2277 2901 2335 2967 1,
2379 2918 2495 2971 cap.
2544 2918 2645 2953 10:
2682 2900 2989 2972 «Antiquus

1964 2990 2144 3031 noster
2173 2998 2299 3050 ager
2334 2993 2457 3034 ante
2500 2979 2699 3033 bellurn
2730 2982 2985 3034 Punicum

1965 3055 2233 3129 pendebat
2256 3059 2385 3113 bina
2422 3060 2635 3131 jugera,
2656 3058 2805 3133 qnod
2824 3078 2859 3112 a
2890 3062 2987 3112 Ro·

1967 3137 2114 3190 mulo
2132 3138 2365 3209 primum
2387 3136 2553 3192 divisa
2582 3137 2899 3195 dicebantur
2918 3139 2987 3191 vi·

1963 3215 2127 3282 ritim,
2140 3231 2243 3271 etc.
2266 3218 2395 3271 nH.
2410 3250 2488 3260 -—
2514 3218 2989 3289 Binajugrm.1u-

1965 3296 2075 3367 geri
2102 3294 2383 3369 longitudo
2418 3290 2751 3353 ducenorum
2779 3309 2833 3352 et
2860 3318 2989 3369 qua·

1964 3374 2321 3447 dragenorum
2346 3374 2547 3449 pedum
2588 3391 2733 3440 erat,
2760 3378 2987 3431 latitudo

1965 3467 2315 3509 centenorum
2340 3456 2777 3530 vicenorumque.
2808 3457 2988 3523 Qum

1967 3532 2077 3587 duo
2096 3534 2283 3607 jugera
2301 3575 2317 3600 ‚
2340 3554 2441 3607 pro
2460 3550 2695 3590 nostrate
2713 3555 2865 3608 agros
2884 3556 2989 3589 me-

1968 3612 2113 3667 tandi
2142 3614 2376 3679 ratione,
2400 3614 2643 3671 efficiunt
2662 3615 2731 3676 54
2754 3636 2891 3682 am,
2912 3620 2985 3687 98

1966 3698 2212 3747 centiam.
2246 3696 2347 3748 En.

2052 3780 2105 3836 4.
2162 3774 2399 3845 Majorem
2456 3776 2664 3829 modum.
2732 3774 2987 3847 Majorem

1966 3872 2266 3907 mensuram
2294 3874 2306 3905 :
2349 3854 2541 3908 modus
2578 3857 2721 3909 enim
2764 3854 2823 3907 de
2872 3856 2989 3925 agri

1966 3930 2165 3987 dicitur
2183 3953 2445 3987 mensura.
2470 3935 2751 4000 Horatius,
2774 3934 2862 3987 lib.
2894 3936 2949 3986 11
2972 3974 2987 3995 ,

1966 4010 2076 4065 Sat.
2098 4032 2155 4065 vx
2179 4033 2194 4067 ε
2220 4015 2369 4067 «Hoc
2388 4027 2501 4069 erat
2524 4015 2584 4067 in
2614 4015 2775 4069 votis:
2794 4012 2987 4067 modus

1965 4093 2077 4161 agri
2106 4112 2213 4147 non
2247 4094 2319 4148 itu
2345 4112 2586 4165 magnus.
2612 4122 2633 4142 ι
2668 4094 2839 4147 linn-
