3150 5150
922 515 1065 589 308
1336 464 1343 469 ’
1458 522 1539 588 c.
1593 516 1926 587 PLINn
1977 514 2186 586 NAT.
2235 516 2493 583 ms'r.

923 648 1330 746 longitudine
1388 648 1815 780 expleverint.
1874 650 2222 744 Pampinat
2271 671 2405 716 una
2457 671 2650 741 opera
2693 648 2918 742 jugerum.

918 758 1183 851 Segetes
1225 754 1525 825 iterare¹²
1532 758 1892 826 .Sarritur
1921 779 2082 823 vero
2117 753 2349 825 diebus
2389 754 2634 848 viginti.
2673 754 2761 822 Ab
2791 760 2918 850 aequi-

916 864 1140 933 noctio
1193 876 1451 933 sartura
1498 886 1742 932 nocere
1788 874 1856 931 et
1910 862 2119 931 vineae
2155 874 2224 929 et
2278 862 2480 955 segeti
2526 860 2843 930 aestimatur
2877 864 2922 931 Ei

916 993 1073 1039 oves
1110 952 1442 1038 lavandi¹³
1473 969 1605 1039 hoc
1631 967 1805 1039 idem
1847 982 2111 1062 tempus
2141 979 2261 1037 est.

842 1094 879 1157 4
1020 1077 1079 1143 Α
1140 1072 1588 1169 Vergiliarum
1643 1087 1878 1143 exortu
1916 1072 2312 1169 significant
2379 1072 2661 1157 Caesari,
2711 1070 2919 1165 postridie

910 1178 1221 1249 Arcturi¹
1208 1167 1254 1211 ¹⁴
1295 1204 1569 1250 occasus
1601 1180 2003 1266 matutinus;
2048 1180 2244 1248 tertio
2289 1162 2498 1246 idus¹⁵
2541 1177 2687 1245 maii
2721 1176 2919 1246 Fidicula

909 1300 1225 1355 exortus:
1250 1310 1352 1354 ιιι
1383 1284 1748 1355 kalendas
1723 1286 1893 1379 Junii
1914 1282 2186 1380 Capella
2217 1284 2476 1378 vesperi
2507 1282 2807 1369 occidens,
2825 1287 2919 1351 etin

911 1393 1130 1461 Attica
1148 1391 1370 1460 Canis,
1401 1394 1502 1460 XI
1532 1391 1846 1461 kalendas
1875 1392 2119 1461 Caesari
2155 1390 2420 1459 Orionis
2457 1388 2702 1484 gladius
2726 1388 2919 1457 occiden

908 1498 1179 1593 incipit:
1213 1498 1408 1566 tertio
1431 1522 1645 1567 nonas
1669 1497 2097 1627 juniiCaesari
2119 1512 2188 1565 et
2215 1497 2498 1590 Assyriae
2525 1494 2742 1589 Aquila
2758 1497 2918 1587 vesperi

906 1605 1169 1673 oritur.
1216 1617 1458 1673 octavo
1501 1603 1650 1673 idus
1690 1588 2090 1673 Arcturus¹⁶
2131 1604 2454 1675 matutino
2507 1600 2762 1687 occidit,
2801 1600 2918 1667 ltal'e

906 1722 1134 1777 sexto:
1162 1722 1231 1777 et
1255 1722 1493 1803 quarto
1532 1709 1683 1778 idus
1715 1708 2088 1804 Delphinus
2125 1709 2392 1803 vesperi
2418 1708 2738 1777 exoritur.
2725 1705 2918 1773 ·deci1m

903 1816 1183 1907 septimo
1218 1812 1532 1885 kalendas
1547 1814 1697 1911 julii
1717 1812 1972 1909 gladius
1994 1815 2262 1884 Orionis
2285 1815 2524 1893 oritur,
2553 1812 2718 1908 quod
2741 1813 2918 1904 AEgypto

904 1933 1057 2013 post
1102 1920 1549 2014 quatriduum.
1603 1920 1980 1991 Undecimo
2022 1919 2368 2003 kalendas,
2415 1918 2704 2013 ejusdem
2754 1918 2918 1985 Orionis

902 2023 1156 2119 gladius
1209 2028 1453 2097 Caesari
1498 2027 1804 2098 occidere
1850 2027 2118 2123 incipit:
2168 2050 2310 2097 vin
2343 2024 2658 2095 kalendas
2686 2022 2805 2118 julii
2829 2046 2918 2089 wo

901 2129 1285 2226 longissima
1319 2132 1463 2203 dies
1502 2135 1708 2202 totius
1749 2135 1906 2206 anni
1926 2186 1945 2220 ,
1979 2147 2046 2203 et
2087 2157 2220 2202 nox
2255 2129 2642 2201 brevissima
2680 2128 2914 2199 solstitium

902 2236 1286 2306 conficiunt.
2987 2322 2989 2337 Ι

834 2360 865 2412 5
1008 2345 1089 2410 In
1130 2344 1260 2413 hoc
1294 2345 1612 2438 temporis
1645 2342 1990 2415 intervallo
2032 2344 2244 2421 vineae
2283 2344 2779 2439 pampinantur:
2810 2360 2916 2407 cun·

902 2460 1141 2542 turque
1176 2462 1253 2516 ut
1294 2450 1489 2517 vinea
1529 2464 1720 2519 vetus
1769 2448 1969 2520 semel
2006 2450 2180 2519 fossa
2229 2450 2348 2537 sit,
2385 2449 2488 2518 bis
2532 2446 2787 2517 novella.
2823 2446 2918 2513 ons

901 2551 1297 2624 tondentur:
1327 2551 1630 2648 lupinum
1665 2555 2073 2626 stercorandi
2105 2580 2304 2626 causa
2328 2556 2654 2626 vertitur:
2687 2568 2918 2646 tempti
2985 2552 2987 2559 ’

902 2659 1260 2730 scinditur:
1296 2661 1466 2734 vicia
1498 2663 1567 2729 in
1601 2659 1920 2755 pabulum
1958 2675 2217 2732 secatur
2245 2688 2260 2730 ι
2299 2661 2453 2731 faba
2481 2659 2809 2744 metitur¹⁷‚
2835 2659 2916 2725 de'n

990 2887 1013 2921 1
1028 2889 1078 2922 2.
1098 2867 1291 2939 Segetes
1304 2875 1491 2924 iter-are.
1506 2872 1702 2925 Iterato
1716 2872 1923 2926 sarrire.
2015 2885 2108 2924 tur.
2143 2871 2457 2944 Legendum
2499 2889 2570 2926 ex
2593 2871 2772 2942 scripto
2794 2863 2918 2920 ooffioe·
2983 2851 2985 2862 Ι

906 2947 1047 3002 vide
1074 2948 1285 3003 Colum.
1306 2949 1402 3003 lib.
1428 2951 1511 3016 11,
1535 2969 1652 3022 cap.
1686 2968 1774 3004 η.
1814 2951 1884 3004 Η.
2011 2951 2216 3012 cuditur.
2233 2971 2350 3006 non
2375 2945 2916 3020 concutitur-‚adstipulatu

992 3047 1015 3081 1
1030 3027 1081 3079 3.
1112 3027 1188 3080 Et
1211 3048 1316 3082 oves
1342 3029 1555 3082 lavandi.
1589 3029 1888 3083 Columella
1906 3068 1924 3092 ,
2011 3031 2170 3084 etiam
2194 3031 2398 3086 Comici
2427 3031 2736 3103 proverbio,
2775 3053 2794 3075 c
2813 3028 2854 3078 ΙΙ
2877 3040 2920 3074 ¹2

902 3107 998 3160 lib.
1030 3106 1111 3159 xl
1136 3143 1153 3168 ‚
1182 3125 1298 3180 cap.
1346 3127 1375 3160 2
1407 3109 1463 3160 in
1492 3109 1702 3179 Aprili:
1731 3135 1753 3155 ι
1785 3109 1926 3162 Oves
2011 3109 2126 3163 haec
2148 3109 2375 3164 cudetur
2399 3111 2544 3164 faba.
2563 3136 2586 3158 ι
2621 3103 2919 3164 Pin—M

900 3186 1203 3242 Tarentina
1229 3185 1409 3240 radice
1432 3189 1630 3241 lanaria
1650 3188 1812 3241 lavari
1831 3187 1924 3241 de-
2011 3193 2294 3244 cent-utimr.
2336 3189 2419 3243 Ita
2453 3191 2586 3243 libri
2627 3207 2811 3248 omnes,
2833 3183 2920 3236 etin

900 3265 1059 3330 bem,
1078 3277 1139 3318 ut
1158 3277 1398 3320 tonsuras
1421 3280 1832 3340 properentur.-
1851 3267 1920 3320 Η.
2010 3267 2160 3322 MSS.
2201 3287 2339 3342 quos
2377 3267 2566 3323 videre
2607 3268 2746 3322 licuit
2773 3283 2786 3317 :
2809 3264 2921 3314 stum

988 3353 1079 3408 14.
1128 3346 1372 3399 Postridie
1407 3349 1629 3399 Arcuit-i.
1665 3346 1783 3400 Hoc
1813 3359 1919 3410 est.
2009 3347 2344 3402 emendando
2369 3349 2646 3412 Pindum,
2669 3348 2766 3399 dein
2787 3342 2922 3395 ediw-

900 3442 936 3475 v
960 3421 1081 3476 idus
1107 3423 1295 3490 maias,
1318 3423 1512 3478 occidit
1537 3426 1802 3481 matutino
1820 3427 1921 3479 Ar·
2005 3445 2107 3482 nec
2133 3429 2324 3483 merito
2353 3429 2410 3481 in
2433 3446 2554 3481 eam
2571 3415 2922 3481 sententimffld

898 3513 1094 3554 cturus.
1122 3502 1192 3555 Et
1215 3503 1298 3556 hie
1317 3523 1531 3558 occasus
1558 3519 1923 3576 tempestatem
2008 3507 2213 3562 Comici
2247 3507 2522 3574 trahente,
2551 3509 2659 3559 ·In
2689 3523 2764 3558 me
2781 3504 2922 3554 heca·

898 3579 1175 3651 significat.
1219 3581 1357 3635 Nam
1402 3601 1459 3636 vt
1501 3583 1626 3637 idus
1668 3585 1922 3659 Vergilio
2008 3585 2166 3640 detur
2205 3587 2394 3640 faba.-
2447 3587 2586 3640 Nam
2619 3581 2844 3640 Palladius
2861 3578 2924 3630 Μ

896 3660 1159 3712 oriuntur.
1176 3657 1247 3715 Η.
1261 3661 1437 3714 —Sic
1456 3679 1519 3714 ex
1538 3663 1689 3718 MSS.
1705 3663 1919 3718 emend.
2007 3665 2118 3737 ipsa
2142 3667 2303 3738 hujus
2331 3665 2594 3719 intervalli
2627 3681 2772 3736 open
2801 3655 2924 3711 dem·

896 3737 1063 3792 flnrd.
1080 3740 1223 3792 Ant.
1239 3759 1338 3792 occ.
1350 3743 1757 3797 matutiniGron.
1770 3745 1919 3799 etAl.
2007 3746 2168 3810 bens,
2193 3745 2292 3800 lib.
2319 3745 2474 3798 vn·
2457 3763 2514 3798 ιιι
2539 3745 2730 3808 sunio,
2747 3741 2815 3796 tit
2837 3737 2881 3800 3,
2895 3753 2924 3803 μ

982 3817 1072 3872 15.
1107 3819 1272 3872 Tertio
1301 3819 1428 3872 idus.
1454 3819 1784 3887 Columella,
1811 3823 1914 3876 loc.
2015 3824 2163 3877 123.
2193 3824 2560 3896 «colligemus
2579 3823 2779 3884 vicium,
2793 3813 2924 3886 inquit

895 3897 985 3952 cit.
1018 3925 1041 3947 ι
1056 3898 1242 3951 Tertio
1270 3898 1391 3952 idus
1414 3900 1575 3952 maias
1597 3937 1613 3966 ,
1641 3900 1786 3954 Fidis
1809 3903 1917 3954 ori·
2004 3904 2190 3958 fenum
2219 3921 2454 3976 graecum
2471 3901 2802 3958 resecabimus
2818 3894 2977 3962 adl*

892 3989 1005 4045 tur,
1029 3977 1288 4048 significat
1310 3990 1693 4050 tempestatem.
1715 4006 1738 4028 ι
1766 3981 1834 4034 Η.
2003 3982 2212 4036 bulum.
2235 3984 2394 4038 Nunc
2415 3993 2468 4038 et
2491 3983 2616 4036 fab·
2635 3983 2750 4034 lum
2769 3979 2929 4030 min-³·

975 4057 1271 4112 raonem
1289 4057 1397 4110 idus
1416 4059 1844 4114 Arct.Colum.l.
1862 4079 1910 4114 c.
2001 4069 2057 4114 t‘e
2101 4063 2341 4116 velletor.
2377 4063 2523 4116 Ante
2561 4063 2730 4114 lucem
2755 4074 2870 4118 sane.
2899 4061 2928 4100 ‘⁸

974 4155 1066 4206 17.
1094 4137 1236 4189 Faba
1270 4143 1476 4204 metitur,
1503 4139 1674 4246 deinde
1699 4145 1912 4193 concuti·
2000 4154 2121 4194 ante
2139 4160 2298 4214 quam
2339 4143 2464 4196 luna
2487 4139 2761 4212 procedet,
2787 4145 2930 4190 extu-¹
