3150 5150
924 541 1064 638 374
1467 548 1544 613 e.
1597 549 1928 616 PL1N11
1979 548 2190 617 ΝΑΤ.
2246 498 2540 615 nisis

924 662 1132 745 sitim⁵
1186 700 1491 776 pensans.
1539 665 1701 749 Est⁶
1737 681 2002 775 quidem
2030 680 2169 774 ejus
2200 692 2434 747 natura
2466 674 2844 770 interpolis3
2898 699 3041 742 rur-

926 807 1166 876 susque
1187 807 1386 876 quam
1416 782 1615 853 libeat
1650 801 1983 856 vetustum
2012 811 2190 855 novo
2209 786 2540 853 miscetur.
2565 785 3041 851 Verumtamen

926 887 1406 982 complectatur
1472 892 1728 978 animo,
1790 893 1902 987 qui
1962 890 2140 961 volet
2212 887 2598 960 miraculum
2667 890 2998 957 aestimare
3022 938 3039 964 ,

926 1009 1175 1087 quanto
1209 996 1293 1063 sit
1331 996 1396 1063 iu
1438 1020 1598 1083 usu,
1638 998 1946 1067 omnibus
1995 999 2225 1080 terris,
2263 997 2526 1064 navium
2580 998 3038 1073 armamentis,

925 1099 1252 1169 machinis
1288 1100 1824 1186 aedificationum‚
1860 1102 2130 1197 aliisque
2170 1101 2506 1171 desideriis
2551 1101 2725 1168 vitae.
2766 1099 2872 1167 Ad
2926 1098 3038 1165 hos

925 1230 1153 1274 omnes
1185 1230 1340 1275 usus
1363 1232 1508 1301 quae
1538 1207 1905 1296 sufficiant,
1952 1211 2166 1278 minus
2193 1209 2461 1301 triginta
2497 1204 2698 1277 millia
2730 1228 3037 1298 passuum

923 1312 992 1379 in
1028 1310 1435 1381 latitudinem
1460 1337 1499 1381 a
1527 1312 1743 1383 littore
1781 1264 2200 1408 Caithaginis
2235 1337 2457 1396 novae,
2497 1313 2846 1441 minusque
2897 1333 2939 1379 c
2978 1313 3036 1377 in

923 1416 1437 1509 longitudinem⁷
1482 1444 1623 1489 esse
1668 1422 2096 1515 reperientur.
2137 1420 2431 1513 Longius
2474 1404 2664 1485 vehi⁸
2711 1415 3037 1510 impendia

922 1522 1294 1616 prohibent.

1030 1632 1152 1698 IX.
1189 1632 1404 1700 Junco
1434 1633 1706 1701 Graecos
1755 1632 1839 1701 ad
1878 1632 2067 1701 funes
2105 1629 2291 1700 usos¹
2334 1630 2587 1698 nomini
2601 1626 3034 1708 ²‚credainus

922 1758 1055 1826 quo
1095 1734 1369 1804 herbam
1393 1761 1536 1805 eam
1561 1736 1941 1833 appellant:
1979 1751 2205 1833 postea
2244 1734 2612 1831 palmarum
2645 1732 2861 1818 foliis,
2900 1734 3031 1828 phi·

922 1827 1253 1934 luraque³‚
1296 1842 1712 1912 manifestum
1753 1858 1903 1913 est.
1946 1858 2013 1913 et
2071 1843 2222 1912 inde
2285 1839 2672 1911 translatum
2729 1864 2772 1909 a
2823 1841 3031 1908 Poenis

922 1948 1127 2039 sparti
1151 1971 1373 2031 usum,
1406 1973 1724 2043 perquam
1758 1948 1966 2019 simile
1999 1952 2138 2018 veri
2178 1962 2296 2020 est.

857 2107 878 2137 ¹
1026 2054 1111 2120 X.
1170 2052 1698 2148 Theophrastus¹
1760 2070 1994 2125 auctor
2030 2069 2163 2137 est,
2213 2078 2354 2124 esse
2390 2051 2574 2121 bulbi
2621 2077 2832 2147 genus
2864 2053 3027 2120 circa

923 2158 1097 2251 ripas
1131 2160 1425 2228 amnium
1468 2185 1777 2249 nascens,
1836 2163 2023 2256 cujus
2084 2164 2254 2231 inter
2307 2184 2637 2230 summum
2689 2160 3026 2238 corticem,

920 2286 1196 2357 eamque
1222 2280 1476 2358 partem
1506 2292 1635 2360 qua
1669 2282 2047 2355 vescuntur,
2083 2291 2223 2335 esse
2251 2264 2506 2334 laneam
2540 2279 2847 2333 naturam
2869 2317 2888 2348 ‚
2918 2261 3025 2332 ex'

912 2475 990 2486 —
1019 2445 1162 2497 Utile.
1201 2447 1442 2500 Funibns
1486 2447 1749 2514 texendis,
1775 2461 1927 2503 cate·
2016 2450 2122 2502 bet.
2159 2449 2295 2501 Nam
2329 2465 2427 2500 nos
2457 2446 2643 2501 docuit
2670 2447 2918 2508 novus,
2945 2447 3024 2497 In-

909 2522 1088 2594 risque
1115 2526 1312 2579 usibus.
1347 2527 1527 2581 Hmn.

996 2605 1046 2656 5.
1079 2605 1330 2657 Neratium
1381 2610 1524 2658 sitim.
1570 2607 1838 2671 Quoniam
1872 2610 1926 2661 in

909 2680 1060 2734 arido
1084 2684 1198 2736 solo
1214 2722 1230 2748 ‚
1253 2698 1312 2737 ut
1333 2685 1535 2738 dictum
1562 2699 1658 2751 est,
1677 2689 1925 2741 nascitur.

990 2763 1041 2814 6.
1074 2763 1170 2813 Est
1199 2775 1374 2815 natm-a
1380 2804 1514 2819 .....
1544 2767 1808 2836 inter-polis.
1851 2768 1926 2820 Ea

908 2837 1070 2908 spart'i
1095 2854 1281 2895 natura
1299 2883 1314 2906 ‚
1341 2857 1399 2895 ut
1421 2844 1798 2915 interpolandis
1812 2881 1828 2907 ‚
1847 2865 1927 2899 re-

908 2920 1217 2985 sarciendis,
1266 2923 1581 2976 renovandis
1631 2925 1882 2993 operibus
1908 2963 1924 2990 ,

907 3015 1027 3067 quoe
1070 3017 1131 3052 ex
1162 3019 1227 3052 eo
1258 3001 1426 3065 fiunt,
1457 3003 1725 3074 aptissime
1771 3001 1923 3056 adhi-

903 3077 1115 3143 beatur,
1145 3092 1197 3132 et
1222 3094 1484 3133 vetustum
1510 3100 1690 3134 secure
1713 3083 1923 3135 misces·

905 3168 994 3209 tur
1013 3177 1172 3210 novo.
1202 3160 1485 3231 Interpolis
1509 3161 1701 3214 mulier
1721 3180 1750 3214 a
1766 3163 1923 3215 Plau-

903 3245 960 3286 to
988 3239 1283 3308 appellatur
1303 3257 1360 3291 es
1378 3279 1393 3304 ,
1421 3257 1544 3310 quae
1563 3259 1619 3293 se
1638 3242 1921 3311 pigmentis
1980 3290 1983 3293 .

901 3314 1206 3387 interpolat,
1239 3330 1399 3389 atque
1447 3321 1823 3386 reconcinnst,
1859 3333 1921 3374 ut

899 3411 963 3444 ex
995 3408 1199 3450 vetusta
1228 3415 1331 3450 snn
1370 3417 1506 3450 nova
1554 3401 1705 3470 qussi
1741 3401 1918 3471 puells

897 3471 1014 3534 fiat,
1037 3474 1093 3525 in
1124 3475 1408 3530 Mostellsr.
1432 3481 1549 3531 Act.
1585 3481 1638 3541 1,
1665 3497 1807 3533 scen.
1826 3497 1916 3545 m,

895 3567 1028 3603 vers.
1070 3571 1198 3622 ¹¹7·
1227 3555 1409 3608 Hui).

920 3696 929 3706 ·
977 3647 1030 3698 7.
1072 3630 1327 3704 Minusque
1376 3636 1427 3688 C
1460 3638 1511 3686 iu
1553 3637 1913 3704 longitudinem.

892 3706 978 3759 Sic
1000 3710 1253 3778 Apuleius
1268 3713 1321 3764 in
1342 3713 1602 3766 Herbario
1623 3734 1721 3768 suo
1737 3735 1754 3771 ε
1768 3716 1910 3787 quod

888 3787 1045 3840 etiam
1078 3788 1359 3843 Salmasius
1386 3792 1550 3856 vidit,
1583 3794 1635 3845 in
1660 3796 1903 3848 Solinum

886 3883 1004 3935 pag.
1051 3871 1153 3919 261
1189 3885 1203 3919 ε
1242 3894 1264 3915 ι
1288 3869 1376 3922 Ad
1401 3889 1536 3942 quos
1566 3891 1750 3925 omnes
1785 3893 1908 3927 usus

886 3946 1064 3997 minus
1091 3966 1193 3999 xxx
1224 3966 1288 4000 nr.
1329 3968 1460 4021 pass.
1492 3951 1546 4001 in
1576 3950 1906 4006 latitudinem

883 4043 911 4074 e
944 4025 1122 4077 littore
1153 4027 1488 4099 Carthaginis
1515 4048 1686 4081 novae.

884 4113 992 4153 tum
1022 4104 1077 4156 in
1106 4105 1487 4175 longitudinem
1510 4110 1760 4162 nescitur.
1785 4113 1901 4164 ιΗ.

883 4208 960 4221 ·—·
981 4183 1285 4253 Longitudo
1313 4191 1476 4257 innjni
1510 4208 1618 4240 esse
1653 4190 1791 4243 l'orte
1818 4190 1904 4242 de-

2016 2522 2142 2582 πολ.
2180 2530 2213 2580 ὰ
2250 2527 2426 2581 t‘Hise.
2472 2540 2574 2580 nae.
2617 2527 2936 2597 d'Espagm.
2974 2545 3021 2596 p.

2019 2609 2161 2677 ²39·
2193 2620 2433 2679 spartum
2459 2625 2693 2661 creseere
2718 2607 2778 2658 in
2807 2606 3023 2658 maxima

2016 2688 2286 2758 Hispani·
2311 2700 2478 2757 parte.
2507 2687 2676 2740 Βιοτ.

2095 2769 2147 2821 8.
2163 2768 2376 2835 Longius
2403 2767 2530 2817 vehi.
2555 2768 2636 2819 Ex
2655 2766 2917 2819 interiore
2937 2765 3021 2816 Hi-

2011 2846 2204 2915 spaniae
2220 2858 2388 2898 tractu
2401 2844 2622 2908 advehi,
2643 2844 2917 2915 impendis
2936 2858 3023 2896 tes·-

2009 2925 2188 2978 restris
2228 2924 2432 2977 itineris
2462 2939 2658 2978 vetant.
2686 2926 2754 2976 H.
2782 2956 2865 2967 —
2888 2925 3018 2974 Vehi.

2011 3003 2166 3057 Nunc
2185 3003 2449 3056 Lutetiam
2465 3003 2751 3057 advehitur
2766 3017 3019 3074 spartium

2008 3083 2193 3154 ibique
2218 3083 2457 3136 instituta
2487 3102 2572 3136 an.
2600 3086 2748 3153 1776
2777 3086 3018 3153 spartaria

2010 3163 2244 3215 officina.
2273 3162 2445 3214 Biton·-

2087 3242 2185 3295 lx.
2226 3261 2276 3296 ι.
2317 3241 2476 3293 Junco
2510 3241 2727 3294 Groecos.
2759 3244 2951 3309 Σχοῖνος
2973 3254 3020 3292 et

2006 3320 2187 3373 funem
2226 3321 2485 3391 significat
2504 3359 2520 3385 ‚
2545 3334 2600 3373 et
2625 3322 2875 3390 juncum:
2901 3339 3019 3391 quo-

2006 3399 2167 3452 modo
2180 3413 2232 3453 et
2254 3413 2488 3471 spartum
2510 3418 2653 3453 nunc
2670 3413 3018 3464 restem‚nunc

2007 3480 2239 3550 plantam
2274 3498 2305 3532 e
2334 3497 2439 3550 qna
2460 3492 2624 3532 restes
2643 3480 2800 3531 finnt.
2826 3481 3014 3532 Dsmc.

2086 3577 2138 3610 s.
2168 3558 2372 3611 Nomina·
2391 3559 3016 3626 credamusjzoivscNide

2003 3639 2139 3690 nob.
2164 3638 2436 3691 Constant.
2479 3639 2535 3690 in
2562 3638 2777 3691 Lexico.
2802 3639 2977 3691 Hui).

2084 3716 2137 3769 3.
2167 3717 2477 3789 Philia-aque.
2505 3716 2621 3770 Hoc
2645 3729 2756 3780 est,
2785 3717 3015 3771 tenuissi-

1996 3796 2097 3849 mis
2126 3796 2330 3849 arboris
2370 3797 2512 3849 tili-n·
2545 3797 2870 3850 membranis
2888 3835 2902 3859 ,
2931 3815 3014 3848 sen

1997 3874 2187 3928 tunicis
2214 3895 2231 3933 z
2263 3876 2374 3929 hoec
2422 3876 2566 3928 enim
2611 3880 2784 3946 φιλὺρα
2825 3877 3014 3930 Grecis

1997 3954 2426 4007 dicitur.1⁴lsnn.

2074 4035 2142 4085 X.
2169 4053 2216 4086 r.
2239 4035 2612 4104 Theophrastus.
2626 4035 2763 4087 Hist.
2778 4034 2883 4088 lib.
2889 4036 3009 4097 Vll,

1995 4133 2041 4165 c.
2069 4113 2158 4177 13,
2177 4127 2230 4166 et
2249 4114 2614 4168 exeoAthen.
2630 4113 2724 4167 lib.
2740 4115 2816 4178 11,
2836 4134 2892 4184 p.
2917 4118 3001 4172 66

2081 4213 2126 4244 2.
2161 4195 2243 4244 Ex
2219 4211 2367 4264 σφω
2385 4195 2586 4260 inmitia.
2619 4194 2695 4246 Its
2716 4194 2864 4246 MSS.
2887 4194 2997 4260 fleg
