3150 5150
809 476 950 548 208
1378 474 1456 545 C.
1511 475 1833 543 PLINII
1886 473 2095 544 NAT.
2150 473 2393 542 HIST.

805 631 1070 702 quoque
1103 606 1324 676 Graeci
1356 629 1494 674 non
1545 601 1813 675 aliunde
1853 603 2235 698 praeferunt.
2278 589 2625 674 Pluribus⁶
2674 604 2757 673 fit
2798 604 2930 676 haec

809 715 1043 784 modis.
1079 711 1298 782 Graeci
1331 710 1677 805 perfusum
1702 735 1875 805 aqua
1910 710 2239 779 hordeum
2272 710 2525 780 siccant
2554 726 2755 780 nocte
2772 735 2931 798 una,

812 845 892 890 ac
923 833 1191 916 postero
1223 815 1330 886 die
1364 817 1649 910 frigunt,
1700 815 1937 886 deinde
1974 815 2205 886 molis⁷
2250 815 2584 911 frangunt.
2622 819 2795 887 Sunt
2830 822 2931 938 qui

815 925 1269 995 vehementius
1303 936 1552 992 tostum
1584 947 1814 992 rursus
1842 924 2078 1018 exigua
2116 945 2291 1017 aqua
2326 937 2719 1018 aspergant,
2746 938 2812 993 et
2830 927 2935 994 sio-

817 1047 971 1102 cent
1003 1033 1213 1126 prius,
1265 1053 1466 1124 quam
1519 1027 1791 1098 molant.
1830 1027 1959 1098 Alii
2001 1053 2163 1098 vero
2198 1028 2563 1098 virentibus
2602 1031 2805 1125 spicis
2839 1031 2933 1100 de-

813 1163 1080 1208 cussum
1129 1134 1459 1206 hordeum
1502 1159 1737 1204 recens
1795 1120 2149 1230 purgantffi
2180 1133 2654 1230 madidumque
2698 1137 2770 1204 in
2814 1135 2933 1231 pila

813 1244 1136 1330 tundunt,
1172 1256 1370 1336 atque
1393 1242 1460 1310 in
1483 1240 1795 1311 corbibus
1812 1240 2076 1320 eluunt,
2112 1265 2192 1310 ac
2212 1242 2527 1310 siccatum
2554 1240 2689 1310 sole
2718 1267 2932 1312 rursus

814 1351 1141 1437 tundunt,
1171 1363 1238 1419 et
1259 1361 1617 1444 purgatum
1648 1345 1927 1417 molunt.
1960 1350 2403 1441 Quocumque
2445 1361 2667 1417 autem
2706 1373 2933 1444 genere

816 1470 1225 1552 praeparate,
1266 1454 1514 1524 vicenis
1560 1454 1797 1524 hordei
1842 1453 2055 1541 libris,
2107 1468 2329 1523 ternas
2374 1455 2641 1524 seminis
2670 1452 2828 1542 lini,
2874 1469 2934 1523 et

813 1562 1148 1632 coriandri
1207 1559 1548 1644 selibram,
1608 1560 1888 1655 salisque
1951 1557 2367 1644 acetahu109,
2409 1573 2743 1630 torrentes
2796 1575 2933 1630 ante

817 1670 1041 1738 omnia
1084 1669 1359 1736 miscent
1393 1668 1460 1734 in
1506 1663 1703 1736 mola.
1751 1669 1889 1757 Qui
1916 1666 2163 1736 diutius
2197 1663 2435 1736 volunt
2460 1691 2727 1737 servare
2746 1720 2765 1748 ,
2794 1693 2933 1738 cum

817 1773 1064 1870 polline
1119 1797 1196 1844 ac
1243 1772 1611 1842 furfuribus
1650 1775 1784 1844 suis
1818 1771 2119 1844 condunt
2150 1773 2343 1842 novis
2384 1771 2723 1843 fictilibus.
2768 1773 2935 1842 Italia

819 1883 960 1951 sine
999 1880 1380 1976 perfusione
1421 1893 1670 1949 tostum
1710 1881 1779 1947 in
1818 1879 2123 1949 subtilem
2152 1879 2431 1948 farinam
2460 1879 2676 1966 molit,
2719 1880 2935 1950 iisdem

821 1987 1088 2074 additis,
1125 2003 1326 2082 atque
1369 1987 1564 2055 etiam
1596 1985 1799 2056 milio.
1836 1989 2082 2056 Panem
2108 2011 2191 2054 ex
2219 1985 2477 2056 hordeo
2507 1989 2797 2081 antiquis
2820 1989 2935 2056 usi·

824 2109 1036 2164 tatum
1082 2095 1217 2162 vita
1259 2091 1637 2177 damnavit,
1679 2091 2317 2188 quadrupedumque
2356 2092 2493 2162 fere
2536 2092 2727 2163 cibus
2764 2109 2875 2162 est.

927 2203 1080 2270 XV.
1143 2197 1456 2268 Ptisanae¹
1513 2199 1667 2267 inde
1696 2223 1853 2268 usus
1880 2198 2319 2270 validissimus
2350 2199 2935 2294 saluberrimusque

819 2322 1164 2400 tantopere
1192 2304 1532 2399 probatur.
1566 2306 1799 2376 Unum
1855 2303 2159 2376 laudibus
2198 2305 2339 2400 ejus
2375 2302 2687 2376 volumen
2710 2305 2939 2376 dicavit

821 2409 1294 2510 Hippocrates²
1333 2435 1370 2479 e
1409 2410 1783 2480 clarissimis
1816 2411 2155 2482 medicinae
2186 2413 2481 2482 scientia.
2522 2413 2803 2482 Ptisanae
2833 2413 2936 2480 bo·

819 2523 990 2591 nitas
1019 2518 1352 2614 praecipua
1397 2517 1721 2587 Uticensi.
1781 2521 1857 2587 In
1916 2519 2203 2615 AEgypto
2260 2542 2422 2589 vero
2477 2532 2576 2589 est
2606 2545 2815 2615 ,quae
2874 2519 2940 2589 fit

821 2652 902 2695 ex
940 2622 1233 2710 hordeo,
1289 2624 1396 2692 cui
1435 2608 1627 2692 sunt³
1686 2623 1825 2693 bini
1876 2624 2124 2721 anguli.
2194 2628 2275 2695 In
2326 2627 2567 2696 Baetica
2617 2640 2684 2696 et
2730 2626 2941 2696 Africa

905 2786 959 2835 6.
991 2780 1216 2832 Pluribus
1227 2776 1299 2849 fit
1323 2778 1426 2829 hoec
1447 2778 1618 2832 modis
1654 2776 1847 2831 Curio·
1931 2780 2249 2846 Athena-us,
2290 2780 2395 2834 lib.
2444 2780 2531 2846 X,
2583 2780 2795 2835 dictum
2841 2782 2943 2835 vult

822 2880 934 2917 eam
965 2861 1110 2913 illam
1156 2856 1346 2911 hordei
1389 2856 1729 2929 praeparandi
1772 2877 1850 2911 ra·
1934 2860 2032 2914 ἀπὸ
2061 2866 2147 2915 τοῦ
2179 2860 2407 2913 πτίσσιιν
2441 2860 2525 2913 καὶ
2561 2862 2691 2915 ἀνεῖν
2712 2895 2731 2921 v
2770 2882 2799 2917 a
2830 2875 2941 2915 tun-

823 2943 1024 2995 tionem
1061 2956 1126 2991 ex
1167 2938 1480 2991 pherecrate
1521 2937 1709 2991 recitat
1744 2938 1850 2991 Eu·
1932 2938 2111 2994 dendo
2135 2953 2187 2993 et
2208 2939 2627 2994 madefaciendo.
2648 2942 2734 2994 De
2752 2941 2941 3015 ptisana

825 3020 1048 3075 anthius
1071 3019 1156 3071 his
1186 3017 1400 3072 verbis:
1439 3016 1530 3077 τὰς
1571 3014 1733 3088 κριθὰς
1768 3012 1852 3071 διῖ
1931 3016 2076 3073 idem
2118 3032 2301 3073 auctor
2340 3018 2485 3073 bunc
2525 3020 2795 3091 gryphum
2820 3021 2942 3075 reci·

823 3103 1074 3164 πτίσσειν,
1093 3096 1347 3155 tundere.
1371 3096 1613 3167 pinsere:
1640 3098 1849 3167 φρύγειν,
1933 3111 2050 3153 tat:
2100 3104 2258 3169 κριθῆς
2306 3100 2499 3170 ἀφλοίου
2546 3100 2765 3171 ὀργάσας
2814 3104 2942 3170 χυλὲν

827 3196 1064 3235 torrere:
1107 3175 1459 3249 ἀποὸράττιιν,
1489 3178 1545 3229 in
1581 3176 1849 3230 cerniculo
1932 3180 2037 3232 πῖι.
2092 3206 2113 3225 ι
2146 3176 2349 3231 Hordei
2396 3178 2705 3233 decorticnti
2758 3194 2813 3235 et
2853 3180 2945 3234 tusi

827 3262 1086 3324 cribrare,
1125 3270 1214 3311 ant
1257 3257 1418 3310 corbe
1445 3274 1459 3310 :
1508 3256 1637 3309 ἀνιῖν
1656 3296 1671 3321 ,
1716 3275 1850 3328 aqua
1934 3278 2229 3313 cremorem
2260 3258 2403 3311 bibe.
2435 3284 2458 3305 n
2494 3260 2633 3312 Du..

827 3358 1038 3393 rursum
1061 3356 1334 3409 aspergere
1357 3356 1371 3390 :
1397 3338 1589 3400 ἀλέσαι,
1612 3336 1812 3389 molere
1834 3354 1847 3389 :
2021 3360 2072 3391 π.
2095 3338 2433 3409 Hippocrates.
2464 3339 2567 3392 Hic
2590 3339 2731 3393 liber
2750 3353 2843 3404 est,
2862 3340 2947 3411 qui

829 3420 1008 3487 μᾶζαι,
1029 3436 1190 3469 mnnu
1212 3417 1456 3489 subigere
1481 3434 1494 3469 :
1525 3418 1847 3487 παραθεῖναι.
1937 3416 2063 3470 alias
2114 3417 2181 3471 de
2248 3418 2452 3489 ptisana
2474 3457 2491 3491 ,
2542 3432 2598 3471 ut
2648 3433 2828 3473 auctor
2878 3431 2945 3471 est

829 3495 1090 3551 edendnm
1115 3514 1403 3568 apponere.
1433 3498 1571 3548 Du..
1939 3498 2243 3562 Atheniens,
2263 3498 2339 3563 11,
2365 3516 2418 3568 p.
2447 3497 2541 3567 57,
2558 3517 2709 3552 nunc
2724 3498 2793 3552 de
2813 3499 2951 3551 victu

765 3582 772 3591 '
921 3596 972 3645 7.
1011 3576 1203 3626 Dee‘nde
1239 3577 1393 3627 molis.
1417 3574 1560 3627 Vide
1605 3592 1723 3646 que
1770 3572 1855 3628 di·
1938 3578 1993 3630 in
2025 3578 2227 3631 morbis
2267 3577 2462 3643 acutis,
2494 3578 2577 3629 vel
2613 3591 2797 3631 contra
2830 3576 2951 3631 Cni-

829 3654 998 3710 cenda
1020 3666 1144 3707 eunt
1163 3672 1280 3725 cap.
1307 3653 1590 3707 23.Hnm.
1940 3655 2054 3711 dias
2098 3658 2381 3711 sententias
2416 3656 2705 3728 inscriptus
2750 3659 2953 3728 legitur,

915 3738 968 3790 8.
1004 3734 1246 3802 Purgant.
1277 3734 1320 3785 A
1347 3733 1600 3805 pulvere,
1626 3734 1856 3805 lapillis,
1940 3750 2089 3790 tomo
2132 3735 2413 3789 undecimo
2462 3756 2686 3809 operum
2736 3736 2919 3791 Caleni
2938 3774 2952 3797 ,

831 3830 882 3869 et
909 3814 965 3868 id
993 3830 1160 3885 genus
1184 3812 1399 3883 reliquis
1421 3810 1685 3865 sordibus.
1716 3816 1854 3866 Dn..
1942 3816 2035 3889 qui
2064 3829 2291 3889 quatuor
2318 3816 2372 3869 in
2410 3832 2533 3869 eum
2575 3817 2776 3871 librum
2810 3834 2953 3870 oom-

913 3916 968 3965 9.
993 3892 1282 3946 Aoeeabuto.
1325 3894 1402 3943 De
1443 3892 1547 3947 hoc
1594 3904 1858 3947 mensura
1942 3896 2231 3949 mentm-ios
2263 3893 2451 3950 edidit.
2478 3896 2665 3951 Hinn.

831 3992 1026 4046 genere
1053 3970 1260 4025 dicetur
1283 3971 1380 4025 lib.
1406 3972 1557 4037 XXI,
1586 3990 1702 4043 cap.
1732 3990 1855 4041 ¹09·
2029 3976 2082 4029 3.
2118 3976 2214 4027 Cui
2235 3988 2347 4027 sunt
2373 3976 2473 4027 bini
2498 3977 2689 4047 anguli.
2722 3978 2803 4029 Ex
2831 3975 2957 4027 bor·

829 4054 1018 4110 Hum.
1944 4054 2047 4109 deo
2066 4054 2298 4109 disticho
2315 4096 2331 4121 ‚
2352 4056 2441 4108 cui
2456 4068 2580 4109 sunt
2594 4056 2713 4110 bini
2730 4053 2955 4121 ordines,

913 4134 1036 4188 XV.
1073 4152 1121 4187 ῐ.
1161 4132 1376 4184 Ριιὶςαπιι·
1412 4132 1538 4185 inde.
1567 4134 1852 4189 Πτισσᾶνπν
1946 4149 2003 4190 ut
2030 4156 2153 4189 mox
2176 4136 2445 4207 loquetur,
2472 4147 2522 4189 et
2546 4154 2741 4191 versus.
2758 4136 2891 4191 Du..
