3150 5150
802 449 941 523 332
1275 416 1279 421 ’
1342 455 1421 524 c.
1475 454 1814 525 PL1N11
1863 452 2076 523 ΝΑΤ.
2127 453 2380 523 msr.

800 582 1176 655 maleficum
1205 587 1407 655 nasci.
1436 589 1658 657 Varro
1677 573 1725 612 ¹⁸
1741 600 1975 657 auctor
1991 600 2122 673 est,
2149 586 2242 655 sic
2260 583 2616 656 conditum
2649 582 2938 656 triticum

799 691 1043 761 durare
1077 692 1269 761 annis
1298 692 1810 789 quinquaginta,
1839 692 2092 761 milium
2113 715 2276 761 vero
2301 704 2602 761 centum.
2627 691 2883 761 Fabam
2899 693 2939 731 '⁹

800 810 873 866 et
940 794 1277 891 legumina
1350 798 1419 867 in
1496 796 1760 869 oleariis
1817 798 1998 869 cadis
2059 795 2266 867 oblita
2293 794 2344 822 ²⁰
2405 799 2643 867 cinere
2669 850 2692 884 ,
2749 795 2940 891 longo

624 964 632 973 .
734 916 766 967 5
804 916 1103 997 tempore
1139 906 1409 973 servari.
1469 904 1656 975 Idem
1713 904 1934 976 fabam
1995 928 2034 972 a
2081 904 2318 997 Pyrrhi
2369 904 2544 998 regis
2585 916 2828 989 aetate,
2877 908 2938 973 in

800 1008 1089 1103 quodam
1140 1033 1343 1103 specu
1393 1009 1766 1081 Ambraciae
1811 1034 2021 1105 usque
2079 1008 2165 1078 ad
2221 1009 2578 1103 piraticum
2639 1012 2934 1103 Pompeii

798 1116 1035 1208 Magni
1094 1113 1339 1184 bellum
1400 1115 1708 1205 durasse,
1757 1120 1948 1187 aunis
1999 1115 2263 1187 circiter
2327 1128 2606 1184 centum
2685 1116 2932 1208 viginti.

804 1222 1024 1291 Ciceri
1066 1234 1327 1351 tanattum
1358 1220 1556 1292 nullae
1583 1220 1876 1293 bestiolae
1899 1223 1968 1291 in
1995 1222 2250 1291 horreis
2274 1221 2746 1291 innascuntur.
2765 1222 2932 1289 'Sunt

798 1328 913 1421 qui
950 1325 1197 1396 urceis²
1206 1324 1478 1399 ¹cinere
1498 1329 1877 1415 substratis,
1899 1343 1967 1399 et
2001 1326 2176 1397 illitis
2205 1340 2464 1397 acetum
2498 1326 2930 1446 habentibus,

800 1431 1205 1564 leguminum
1234 1457 1511 1505 acervos
1540 1438 2074 1567 supet-ingerant,
2123 1436 2215 1502 ita
2260 1457 2398 1502 non
2449 1432 2646 1502 nasci
2681 1429 2926 1501 malefi-

796 1537 931 1609 cia²
938 1536 1370 1610 Ucredentes
1408 1526 1600 1610 ΑΙίἰ23
1603 1594 1624 1627 ,
1656 1544 1771 1636 qui
1813 1543 1884 1611 in
1933 1538 2442 1611 salsamentariis
2487 1537 2685 1607 cadis
2733 1562 2928 1631 gypso

796 1642 1090 1731 illinant3
1140 1642 1281 1730 alii,
1334 1648 1449 1740 qui
1502 1646 1746 1717 lentem
1797 1658 1986 1717 aceto
2049 1645 2448 1739 laserpitiato
2505 1657 2924 1739 respergant,

796 1752 1236 1870 siccatamque
1286 1750 1435 1821 oleo
1480 1754 1827 1847 inungant.
1882 1751 2016 1823 Sed
2067 1750 2458 1821 brevissima
2513 1750 2921 1833 observatio,

796 1856 977 1951 quod
1016 1857 1189 1927 vitiis
1240 1882 1465 1929 carere
1516 1857 1718 1946 velis,
1755 1857 2112 1929 interlunio
2159 1855 2397 1951 legere.
2442 1857 2684 1946 Quare
2729 1853 2918 1949 pluri·

796 1986 983 2033 mum
1018 1962 1253 2049 refert,
1298 1965 1587 2036 condere
1625 1966 1772 2061 quis
1813 1963 2028 2051 malit,
2073 1988 2160 2033 an
2201 1961 2510 2033 vendere.
2571 1964 2919 2033 Crescente

792 2070 975 2139 enim
1006 2055 1224 2139 luna²⁴
1228 2070 1620 2158 ,frumenta
1649 2070 2118 2167 grandescunt.

792 2250 1003 2304 cedd-ie
1029 2249 1113 2303 des
1138 2248 1324 2306 Senem.
1352 2270 1475 2307 sun.
1508 2256 1670 2323 1708.
1709 2252 1812 2306 En.
1901 2264 2016 2307 tum
2042 2250 2384 2315 habentibus,
2407 2248 2540 2303 foris
2559 2249 2746 2305 cina-e
2763 2245 2916 2309 illitis,

879 2330 969 2385 ¹8.
1014 2329 1074 2380 V
1064 2348 1197 2383 am.
1227 2331 1353 2384 Loc.
1384 2333 1477 2385 cit.
1514 2334 1581 2385 In
1609 2332 1814 2387 Biblio·
1901 2332 2108 2385 inferne
2120 2330 2297 2385 cinere
2317 2347 2530 2383 rursum
2545 2327 2837 2383 subm-atis.
2854 2324 2912 2375 Η.

790 2410 945 2462 theca
972 2406 1207 2463 Cesarea
1234 2409 1459 2463 Vienna
1483 2412 1706 2466 Austriae
1728 2430 1815 2466 ca·
1995 2431 2085 2465 22.
2111 2408 2377 2480 Maleficia.
2409 2409 2669 2462 Bestiolas
2695 2404 2914 2477 frugibus

790 2487 995 2558 psulam
1010 2490 1287 2555 asservari,
1299 2490 1484 2544 scribit
1500 2490 1817 2545 Lambecins
1903 2490 2165 2544 inimicas.
2193 2490 2377 2543 Hsnn.

790 2568 841 2622 ei
874 2566 1216 2622 Bibliothecae
1244 2570 1547 2641 prefectus,
1570 2570 1666 2626 lib.
1690 2572 1772 2624 VI
1793 2605 1810 2636 ,
1990 2568 2080 2625 23.
2102 2570 2244 2636 Acii,
2279 2570 2363 2641 qui
2387 2570 2458 2622 in.
2483 2565 2656 2634 Quod
2697 2563 2766 2622 de
2787 2564 2910 2634 legu-

790 2665 847 2720 Ρ.
878 2645 984 2700 3ι6
1003 2685 1020 2712 ,
1045 2665 1149 2719 qus
1170 2649 1226 2702 in
1244 2651 1455 2721 capsula
1480 2650 1812 2704 frumentum
1898 2649 2136 2703 minibus
2157 2647 2445 2720 generatim
2475 2648 2690 2702 Plinius
2715 2657 2766 2698 et
2807 2643 2911 2694 uni·

790 2728 861 2781 sit
892 2724 1200 2793 conditum,
1245 2727 1393 2801 quod
1434 2748 1576 2783 anuo
1625 2733 1813 2797 1664,

790 2817 1147 2860 trecentorum
1170 2809 1282 2878 jam
1304 2827 1365 2861 sc
1386 2809 1648 2862 tricenum
1681 2821 1815 2862 esset

789 2903 1052 2940 annorum
1074 2925 1091 2950 ,
1134 2898 1199 2940 ut
1230 2905 1295 2942 ex
1339 2889 1507 2942 affixis
1549 2889 1600 2942 ei
1640 2906 1810 2960 capso

790 2963 1019 3038 publicis
1038 2963 1403 3022 instrumentis
1414 2987 1477 3022 ac
1500 2985 1814 3022 monumen·

791 3047 861 3101 tis
884 3045 1071 3117 liquet.
1094 3043 1279 3101 ΗΑιιιι.

878 3143 901 3178 ι
913 3145 968 3196 9.
985 3125 1173 3178 Fabam
1192 3138 1243 3177 ee
1262 3127 1518 3198 legumina.
1534 3128 1812 3201 Theophr.

791 3203 929 3259 Hist.
955 3205 1054 3258 lib.
1083 3206 1246 3271 vm,
1276 3225 1393 3278 cup·
1428 3226 1525 3273 10,
1550 3206 1621 3261 sd
1651 3206 1814 3280 Apol·

792 3281 991 3338 leniam
1035 3285 1191 3338 maris
1230 3287 1401 3352 Ionii,
1440 3288 1614 3340 fabam
1662 3287 1814 3340 nullo

792 3374 950 3434 pacto
986 3361 1111 3417 rodi
1153 3365 1365 3433 scribit,
1394 3379 1447 3420 et
1492 3366 1614 3422 ideo
1653 3385 1815 3440 quam

793 3438 1087 3494 diutissime
1115 3445 1328 3498 servari.
1352 3447 1488 3500 Du..
1502 3477 1582 3486 —
1601 3447 1813 3512 Fabam,

794 3531 897 3574 ete.
926 3521 1104 3572 Vsu-ro
1130 3520 1198 3575 de
1221 3525 1301 3576 Be
1327 3525 1473 3578 Rust.
1504 3527 1561 3591 1,
1590 3526 1681 3582 58.
1706 3525 1774 3580 Η.

881 3617 967 3651 so.
996 3598 1167 3652 Oblita
1187 3604 1356 3658 cisun.
1380 3603 1552 3658 Illitus
1579 3623 1609 3657 e
1638 3607 1816 3660 cinere

710 3712 725 3728 .
794 3678 956 3731 fiebat
970 3717 987 3744 ‚
1006 3677 1182 3732 cinere
1200 3680 1255 3732 in
1277 3681 1495 3736 modum
1514 3685 1667 3756 gypsi
1687 3697 1816 3738 tem·

794 3769 980 3828 petato
995 3797 1012 3823 ,
1042 3756 1100 3811 id
1121 3772 1224 3823 est,
1255 3778 1387 3832 aqua
1410 3763 1626 3833 spissius
1643 3762 1813 3816 diluto

796 3849 851 3890 et
868 3839 1172 3892 commixto.
1196 3839 1491 3894 Columella
1506 3879 1523 3906 ,
1540 3842 1635 3897 lib.
1657 3843 1814 3910 xm,

797 3936 916 3988 cap.
948 3917 1040 3982 43.
1059 3918 1269 3972 Duae.

883 4016 973 4051 ιιι.
1018 3996 1145 4050 Sunt
1182 4003 1271 4072 qui
1308 4001 1475 4052 urceis.
1507 3999 1814 4066 Fictilibus,

798 4078 1021 4132 meisve
1042 4077 1205 4147 mis,
1220 4079 1486 4150 coopertis
1499 4119 1518 4147 ,
1534 4081 1678 4134 intus
1695 4098 1813 4134 ace-

1896 2747 2047 2782 verse
2070 2727 2414 2800 pronuntiat,
2437 2727 2628 2786 hocin
2655 2721 2835 2797 primis
2853 2719 2910 2772 de

1896 2808 2043 2862 lente
2064 2807 2385 2869 Columella,
2413 2806 2507 2860 lib.
2539 2807 2633 2870 ΙΙ,
2671 2823 2787 2874 cap.
2817 2817 2905 2854 10:

1908 2890 2060 2952 ιΕιι,
2090 2885 2293 2978 inquit,
2319 2904 2387 2940 ne
2404 2885 2804 2939 curculionibus
2829 2879 2908 2932 ab·

1897 2981 2179 3033 sumatur,
2205 2967 2260 3020 in
2288 2966 2398 3020 sole
2417 2965 2666 3029 siccetur,
2685 2957 2906 3018 etudice

1898 3047 2082 3118 silphii
2104 3046 2228 3100 trita
2244 3063 2370 3099 cum
2392 3057 2544 3098 aceto
2567 3041 2908 3128 adspergitur,

1899 3125 2324 3198 defriceturque:
2347 3137 2505 3194 atque
2545 3125 2619 3177 its
2661 3136 2835 3174 rursus
2857 3116 2904 3166 iu

1901 3204 2014 3259 sole
2042 3205 2256 3270 siccata,
2278 3217 2332 3258 et
2360 3223 2486 3257 mox
2513 3203 2814 3274 refrigerata
2831 3212 2903 3248 re·

1903 3282 2199 3345 condatur.
2227 3284 2273 3337 si
2313 3285 2486 3354 major
2521 3295 2603 3338 est
2633 3277 2835 3339 modus,
2859 3273 2904 3324 in

1901 3363 2134 3418 horreo.
2157 3361 2204 3416 si
2228 3361 2434 3423 minor.
2465 3361 2520 3414 iu
2541 3361 2680 3416 vasis
2698 3353 2903 3412 oleariis,

1900 3443 2431 3514 salsamentariisque‚
2451 3459 2571 3514 qna
2589 3439 2783 3510 repleta
2801 3451 2907 3485 con·

1903 3525 2074 3578 festim
2089 3534 2304 3596 gypsata
2318 3534 2454 3574 sunt.
2469 3518 2902 3586 Quandocumque

1903 3605 1958 3658 in
2004 3621 2128 3656 usus
2169 3599 2622 3673 prompserimus,
2663 3597 2899 3664 integr-m

1901 3681 2098 3736 lentem
2141 3680 2486 3752 reperiemus.
2524 3678 2703 3738 Potest
2746 3687 2897 3726 tamen

1903 3761 2062 3816 etism
2084 3759 2216 3815 citra
2241 3760 2396 3814 istam
2424 3755 2818 3815 medicationem
2841 3748 2900 3800 ci-

1900 3842 2018 3894 neri
2041 3841 2202 3894 mixta
2224 3835 2507 3892 commode
2521 3833 2732 3890 servari.
2755 3827 2866 3878 -Η-

1988 3927 2080 3983 ²4·
2135 3919 2383 3974 Cnsceme
2427 3920 2550 3970 enim
2599 3917 2729 3970 luna.
2777 3909 2896 3960 Fru-

1904 4011 2080 4054 menta
2103 3999 2233 4052 luna
2258 4010 2524 4052 crescente
2547 3997 2676 4050 lecu
2700 3983 2896 4064 gundt-

1902 4092 2058 4134 scunt
2077 4079 2134 4134 in
2153 4096 2291 4134 area.
2308 4076 2490 4132 Han.
