3150 5150
987 541 1304 608 LIBER
1367 541 1625 607 XVII.

2270 542 2365 612 83

219 669 462 766 (quod
497 672 764 740 evenire
799 670 1053 756 trimae,
1089 685 1204 738 aut
1249 672 1476 807 utique
1527 669 1934 762 quinquenni
1980 661 2225 760 solet),
2254 674 2369 741 de·

221 793 538 848 truncata
568 763 983 872 superficie⁴⁴
987 723 1434 871 ‚ipsumque⁴⁵
1461 775 1878 868 deputatum,
1902 789 1973 844 et
2006 790 2083 845 ut
2111 776 2365 848 dictum

214 901 364 972 est,
413 884 656 952 adraso
695 884 1076 966 cacumine,
1129 882 1328 978 defigi
1387 885 1456 950 in
1517 905 1713 950 crure
1768 881 1909 968 fici,
1959 883 2363 954 custoditum

221 990 508 1060 vinculis
527 1041 548 1074 ‚
607 973 752 1058 [ιιι46

777 1001 1140 1058 curvatura
1176 988 1552 1083 fugiat.1ta
1594 987 1881 1082 quodam
1921 992 2363 1085 propaginum

221 1100 712 1232 insitorumque
740 1110 1302 1191 temperamento,
1329 1095 1617 1164 triennio
1640 1097 1980 1164 communi
2004 1098 2178 1166 inter
2202 1097 2369 1168 duas

217 1189 537 1272 matres⁴⁷
583 1201 971 1272 coalescere.
1018 1203 1282 1302 Quarto
1324 1225 1502 1272 anuo
1537 1201 1903 1272 abscissum
1944 1216 2159 1272 totum
2196 1205 2365 1274 ado-

221 1311 478 1405 ptantis
502 1333 644 1380 esse
662 1361 683 1397 ,
707 1308 1007 1378 nondum
1037 1307 1306 1403 vulgata
1333 1309 1592 1378 ratione
1610 1361 1630 1394 ‚
1662 1322 1781 1377 aut
1804 1308 1967 1378 mihi
2007 1324 2185 1378 certe
2214 1313 2369 1381 satis

221 1430 592 1510 comperta.

331 1523 596 1592 XXXI.
639 1525 902 1592 Caetero
929 1521 1159 1592 eadem
1188 1521 1300 1592 illa
1331 1521 1416 1590 de
1441 1517 1669 1591 calidis
1698 1519 2104 1615 frigidisque,
2136 1537 2205 1592 et
2238 1523 2361 1593 hu·
2402 1547 2423 1580 ¹

222 1627 422 1700 midis
455 1643 526 1698 et
557 1629 748 1698 siccis
781 1648 984 1724 supra
1011 1628 1192 1700 dicta
1225 1626 1455 1716 ratio¹‚
1495 1641 1564 1696 et
1598 1625 1889 1696 scrobes²
1914 1627 2141 1698 fodere
2174 1653 2365 1702 mon-

307 1829 406 1886 4⁴·
447 1822 591 1874 Detr.
623 1840 730 1892 sup.
766 1821 987 1876 Arhoris
1008 1819 1096 1876 fici
1127 1841 1258 1894 prai-

217 1915 370 1954 seeto
386 1901 682 1953 cacumine.
695 1901 987 1966 Colum.V,
1001 1920 1060 1970 9:
1081 1928 1103 1949 ι
1113 1903 1258 1955 Tum

221 1983 478 2034 arborem
537 1980 624 2033 fici
683 1979 944 2034 detrunca
959 2019 976 2041 .
1031 1981 1261 2052 plagam·

209 2078 330 2131 qne
361 2061 496 2114 lava
511 2097 530 2124 ‚
555 2073 610 2114 et
633 2059 865 2114 mediam
893 2077 1068 2114 cuneo
1089 2059 1255 2114 finde.

217 2141 525 2194 Cacumina
551 2138 748 2194 deinde
772 2139 926 2194 olivae
939 2180 956 2206 ‚
979 2141 1134 2194 sicuti
1152 2159 1259 2195 ma-

217 2221 292 2272 tri
321 2221 602 2272 coherent
618 2258 635 2284 ,
659 2239 725 2272 ex
749 2231 975 2291 utraque
1000 2233 1148 2292 parte
1163 2221 1259 2272 ab·

215 2298 386 2362 rade,
411 2313 468 2352 et
491 2300 563 2352 ita
589 2299 788 2352 flatura
815 2299 904 2352 fici
927 2300 1126 2365 insere,
1160 2318 1259 2352 cu-

215 2397 500 2450 neumque
521 2378 696 2432 exime
713 2419 730 2443 ,
762 2379 1151 2451 diligenterque
1170 2399 1260 2432 ra-

219 2459 408 2512 mulos
422 2459 630 2530 colliga,
643 2476 712 2510 ne
729 2475 832 2530 qua
846 2460 898 2512 vi
915 2459 1254 2514 revellantur.

217 2539 312 2593 Sic
339 2537 662 2613 interponito
675 2537 905 2593 triennio
926 2541 1258 2595 convalescet

217 2619 362 2671 fleus
403 2638 530 2672 cum
577 2618 692 2671 olea
729 2640 742 2669 :
778 2632 834 2673 et
881 2632 996 2673 tum
1040 2618 1256 2673 demum

217 2710 422 2769 quarto
446 2718 618 2763 anno,
644 2718 814 2770 quum
843 2700 982 2753 bene
1001 2700 1256 2765 coierint,

219 2779 378 2831 velut
401 2778 726 2851 propagines
747 2818 763 2843 ,
786 2781 1024 2833 ramulos
1049 2779 1204 2833 olivo
1225 2798 1257 2832 a

221 2872 394 2913 matre
417 2858 702 2912 resecabis.
727 2884 748 2905 ι
781 2858 963 2912 Ham).
1015 2910 1024 2925 ,

303 2936 403 3002 45.
441 2938 714 3011 Ipsumque.
765 2940 952 3010 Ipsum
994 2940 1125 2993 olen
1167 2958 1252 2993 ra-

221 3036 406 3082 mum,
443 3018 606 3071 matri
635 3016 810 3071 adhuc
849 3018 1203 3073 adherentem
1231 3038 1250 3075 t

219 3094 316 3149 sed
343 3094 662 3169 deputatum
687 3110 896 3163 tamen,
917 3098 1024 3152 hoc
1046 3113 1122 3154 eat
1139 3138 1158 3163 ,
1187 3116 1254 3153 ex

221 3190 454 3248 utraque
473 3190 627 3248 parte
653 3176 970 3249 cuspidatim
997 3176 1256 3245 decisum,

221 3270 283 3308 ut
304 3255 512 3310 dictum
541 3269 619 3309 est
635 3274 756 3327 cap.
787 3263 859 3323 ²6
876 3296 894 3323 ‚
919 3255 1080 3329 defigi
1101 3260 1255 3330 jubet

219 3335 278 3389 in
297 3335 482 3401 ficum,
497 3354 608 3409 qua
629 3350 777 3407 parte
797 3338 932 3391 facta
950 3352 1027 3393 est
1039 3338 1250 3393 fissura:

219 3416 358 3470 hanc
399 3424 744 3489 μεταφορικῶς
798 3436 920 3471 crus
958 3418 1255 3489 appellant·

217 3496 347 3547 alias
373 3510 656 3549 truncum.
674 3497 858 3551 Hann.

305 3580 396 3637 46.
425 3574 642 3647 Defigi‘
621 3595 672 3627 m
698 3575 957 3649 οων-«ῥεῖ,
972 3578 1256 3631 custoditum

225 3656 462 3721 vincatis,
487 3676 576 3721 ne,
608 3669 712 3709 etc.
742 3656 1014 3709 Scribend.
1047 3656 1257 3712 videtur

221 3739 566 3800 constrictam,
593 3754 703 3789 non
729 3737 1042 3801 custodelam,
1065 3756 1128 3791 ex
1155 3739 1257 3791 Co·

219 3816 452 3869 lumellae
472 3814 617 3868 libro
632 3816 790 3869 tertio
807 3856 824 3880 ,
843 3834 958 3888 cap.
982 3817 1257 3887 vigesimo,

219 3914 284 3945 ex
300 3896 385 3965 cuj
392 3914 453 3948 ua
465 3894 728 3948 auctorita
735 3908 786 3947 te
798 3894 961 3961 credo
973 3898 1130 3949 verba
1143 3898 1255 3960 illa,

223 3973 320 4025 -in
345 3992 498 4028 crure
523 3974 614 4029 fici
632 3975 982 4029 constrictum
1011 3976 1256 4039 vinculis,

219 4072 290 4105 ne
316 4066 597 4109 curvatura
616 4055 810 4127 fugiat,
835 4081 856 4102 ι
881 4074 1066 4109 errore
1092 4056 1254 4110 libra·

223 4136 434 4185 riorum
462 4152 493 4186 e
515 4136 737 4206 proprio
761 4136 878 4187 loco
912 4136 1090 4191 avulsa
1115 4154 1224 4191 esse
1241 4174 1257 4199 ,

1341 1834 1396 1875 et
1412 1821 1470 1874 in
1489 1833 1662 1873 totum
1678 1819 1963 1892 legendum
1978 1820 2055 1874 sic
2072 1839 2087 1873 ε
2106 1842 2129 1865 ι
2142 1839 2371 1896 eumque

1344 1901 1495 1954 omni
1515 1899 1726 1952 interim
1741 1913 1985 1972 tempore
2006 1899 2251 1955 edomari
2264 1921 2373 1956 me-

1343 1979 1604 2033 ditatione
1616 1979 1874 2032 curvandi
1889 1981 1942 2032 in
1960 1997 2115 2034 crure
2135 1981 2223 2034 fici
2240 2000 2370 2035 con-

1341 2061 1589 2114 strictum
1612 2060 1865 2125 vinculis,
1880 2077 1950 2112 ne
1976 2071 2261 2116 curvatura
2281 2062 2367 2116 fu-

1341 2141 1469 2212 giat.
1494 2140 1682 2192 Postea
1709 2139 1813 2194 fico
1830 2137 2022 2210 adepta
2042 2140 2202 2208 vires,
2224 2155 2363 2195 etc..

1343 2219 1655 2274 Columella
1673 2221 1833 2273 verba
1845 2237 2112 2290 apponam
2133 2234 2194 2274 ut
2209 2222 2369 2275 lecto·

1341 2301 1493 2353 ribus
1510 2297 1781 2371 quarendi
1800 2299 1953 2352 labor
1964 2297 2257 2353 adimatur:
2275 2301 2367 2354 -In

1341 2380 1587 2433 scrobem
1604 2377 1805 2432 deinde
1822 2377 1909 2432 fici
1927 2379 2257 2433 arbusculam
2279 2379 2371 2434 de-

1341 2460 1557 2530 ponito,
1597 2457 2041 2529 diligentiamque
2078 2457 2331 2514 adhibeto
2348 2502 2364 2522 ‚

1342 2551 1404 2593 ut
1423 2538 1641 2593 robusta
1661 2551 1715 2593 et
1732 2536 1905 2593 nitida
1924 2541 2033 2593 tiat-
2059 2539 2187 2593 Post
2206 2540 2371 2593 trien·

1339 2620 1494 2673 nium
1506 2632 1599 2673 aut
1616 2619 2049 2691 quinquennium
2071 2638 2237 2690 quum
2255 2626 2367 2691 jam

1341 2700 1463 2752 satia
1483 2699 1723 2770 amplum
1745 2699 2134 2753 incrementum
2148 2702 2367 2771 ceperit,

1339 2798 1550 2835 ramum
1582 2779 1738 2832 oliva
1766 2780 1861 2851 qui
1885 2778 2129 2833 videatur
2154 2778 2367 2835 nitidis·

1339 2859 1505 2913 simus
1535 2858 1784 2923 deflecte,
1812 2872 1867 2911 et
1899 2858 1971 2911 ad
2008 2876 2135 2913 crus
2157 2859 2367 2915 arboria

1339 2938 1585 2992 ficulneas
1624 2940 1789 3010 religa
1804 2978 1821 3003 ,
1860 2951 2017 3011 atque
2060 2938 2132 2991 ita
2174 2958 2367 3011 ampu-

1340 3018 1462 3073 tatis
1483 3018 1690 3073 caetcria
1710 3018 1927 3071 ramulis
1946 3036 2006 3072 ea
2048 3030 2255 3074 tantum
2279 3038 2367 3073 ca-

1340 3098 1553 3153 cumina
1561 3116 1680 3171 que
1692 3099 1927 3152 inserere
1935 3097 2366 3171 volea,relinque.

1339 3179 1482 3231 Tum
1527 3180 1771 3232 arborem
1818 3178 1906 3231 fici
1934 3176 2189 3233 detruncet
2201 3218 2218 3244 ‚
2250 3179 2366 3249 pla-

1338 3277 1566 3330 gamque
1610 3258 1726 3312 leva
1750 3298 1767 3322 ,
1814 3270 1869 3311 et
1914 3256 2147 3311 mediam
2192 3276 2365 3311 cuneo

1339 3336 1502 3392 finde.
1521 3337 1809 3392 Cacumina
1824 3334 2019 3391 deiude
2035 3336 2207 3399 olivo.
2228 3338 2367 3394 sicut

1341 3418 1498 3473 matri
1522 3418 1823 3481 cohaerent,
1848 3430 2075 3488 utraque
2099 3430 2247 3488 parte
2271 3418 2365 3471 ab·

1339 3496 1493 3562 rade,
1511 3511 1564 3552 et
1586 3498 1659 3551 ita
1681 3497 1881 3553 fissura!
1890 3496 1983 3551 fici
2002 3496 2175 3551 insere
2190 3535 2207 3564 ,
2224 3510 2321 3553 etc.
2334 3524 2357 3545 ι

1339 3578 1504 3632 Pur.

1423 3664 1518 3727 47.
1571 3656 1823 3711 Communi
1870 3660 1994 3709 inter
2043 3657 2167 3711 duas
2192 3668 2367 3711 maleus

1340 3738 1615 3792 coalescere.
1646 3738 1793 3791 Brot.
1813 3756 1845 3791 e
1870 3737 2127 3792 sententia
2154 3737 2367 3800 Raetii,

1340 3820 1647 3871 communiter
1656 3818 1779 3871 duas
1791 3829 1963 3869 matres
1978 3818 2247 3871 coalescere.
2258 3817 2363 3869 Eu.

1421 3898 1626 3951 xxxl.
1660 3915 1707 3950 ι.
1729 3896 1891 3968 Supra
1914 3898 2047 3949 dicta
2067 3898 2212 3951 ratio.
2235 3898 2365 3967 Sup.

1343 3996 1460 4049 cap.
1493 3996 1550 4047 7.
1583 3978 1767 4031 Iliun.

1432 4077 1458 4109 a
1470 4099 1481 4109 .
1497 4057 1697 4111 Ser-obes
1702 4056 1877 4123 fodere
1898 4068 2105 4110 monstra
2111 4053 2370 4109 vit-Theo-

1347 4136 1546 4206 phrast.
1585 4136 1653 4191 de
1680 4138 1835 4191 Caua.
1862 4136 1899 4191 l.
1930 4136 2045 4198 111,
2078 4155 2124 4187 c.
2152 4140 2205 4187 5.
2234 4136 2373 4187 Du..

2042 4240 2117 4312 6,
