3150 5150
949 549 1052 615 LI
1069 549 1269 616 BER
1328 551 1597 620 XVII.

212 692 472 797 ageret,
507 701 781 814 campos
801 663 1082 747 Roseae⁴²
1101 678 1265 749 dixit
1283 678 1494 750 Italiae
1527 705 1761 750 sumen
1796 705 1960 771 esse,
1996 685 2063 753 in
2100 687 2340 780 quibus

213 769 536 876 perticas⁴
539 769 817 878 ³pridie
866 781 1128 854 relictas
1172 809 1446 879 gramen

212 889 295 957 ad
327 888 646 984 pabulum
673 890 1066 1009 probantur.
1091 893 1248 961 Non
1283 906 1505 961 tamen

2248 581 2339 652 Ι9

1486 789 1823 926 operiret.
1872 787 1987 858 sed
2033 815 2170 860 non
2212 795 2337 862 nisi

1608 892 1923 966 indociles
1953 911 2191 966 natura
2214 924 2339 968 nos

211 1019 352 1065 esse
385 993 628 1082 voluit,
660 1010 726 1065 et
759 997 914 1066 vitia
954 997 1252 1068 confessa
1298 998 1492 1085 fecit,
1533 1000 1735 1068 etiam
1770 1001 1896 1068 ubi
1936 1001 2111 1071 bona
2157 1019 2339 1076 certa

208 1125 346 1170 non
379 1102 640 1172 fecerat.
670 1102 1126 1191 Quamobrem
1157 1105 1450 1198 primum
1487 1106 1763 1175 crimina
1793 1105 2106 1179 dicamus.
2206 1159 2211 1164 .

313 1201 446 1297 (ν.)
480 1210 756 1277 Terram
805 1207 1132 1278 amaram⁸
1140 1211 1334 1296 ‚sive
1373 1235 1699 1298 macram,
1758 1215 1815 1282 si
1862 1214 2008 1307 quis
2048 1216 2333 1310 probare
2368 1223 2402 1276 8

211 1312 411 1398 velit,
457 1313 916 1385 demonstrant
954 1339 1064 1384 eas
1109 1330 1268 1385 atrae
1305 1316 1793 1413 degeneresque
1832 1319 2112 1390 herhas-x
2152 1322 2331 1417 frigi-

211 1418 364 1489 dam
401 1434 660 1509 autem,
717 1417 1073 1492 retorride²
1112 1436 1312 1490 nata:
2452 1488 2457 1494 .

211 1526 544 1596 rubricam
589 1526 766 1596 oculi
789 1580 808 1614 ‚
847 1525 1305 1623 argillamque‚
1345 1531 1532 1624 operi
1565 1529 1985 1600 difficillimas
2006 1558 2338 1630 ,qumque

1365 1425 1523 1493 item
1573 1410 2033 1518 uliginosamss
2074 1428 2331 1498 tristia.

209 1647 459 1702 rastros
500 1657 580 1703 ac
614 1657 916 1703 vomeres
949 1634 1328 1728 ingentibus
1355 1632 1560 1731 glebis
1597 1651 1875 1706 onerent
1902 1663 1919 1705 :
1958 1662 2336 1735 quanquam

210 1762 346 1807 non
401 1739 584 1833 quod
637 1740 859 1834 operi,
916 1739 1050 1809 hoc
1090 1754 1160 1810 et
1210 1741 1458 1810 fructui
1506 1743 1594 1812 sit
1643 1743 2015 1812 adversum.
2074 1742 2247 1814 Item
2302 1771 2339 1814 e

211 1847 548 1914 contrario
592 1847 1034 1938 cineraceam,
1073 1861 1142 1916 et
1183 1845 1486 1917 sabulum
1541 1846 1785 1918 album.
1846 1836 2065 1921 Nam⁴
2105 1851 2339 1922 sterilis

288 2025 384 2082 4²·
432 2019 639 2090 Campos
679 2020 866 2074 Roseoe.
907 2021 986 2073 De
1034 2020 1230 2092 quibus

207 2096 414 2168 egimus
438 2098 533 2152 lib.
553 2099 670 2164 111,
701 2117 819 2171 cap.
847 2118 934 2170 17.
964 2099 1147 2154 Han.

287 2176 384 2240 43.
415 2179 482 2230 In
507 2177 678 2250 quibus
696 2184 907 2250 perticas
929 2180 1090 2250 pridie
1114 2181 1228 2233 reli-

205 2269 310 2308 cus
331 2277 534 2326 gramen
561 2263 731 2329 operit.
765 2260 846 2312 Ex
881 2259 958 2312 Μ.
982 2260 1229 2313 Varrone

205 2337 335 2401 boc,
355 2335 426 2390 de
447 2340 528 2390 Re
549 2339 701 2392 Rust.
727 2339 825 2391 lib.
849 2338 908 2403 1,
937 2357 1053 2410 cap.
1081 2358 1134 2409 7,
1159 2337 1229 2392 ad

201 2419 356 2487 cnjus
383 2435 632 2471 normam
662 2418 708 2470 si
749 2419 930 2471 locum
971 2418 1118 2472 hunc
1149 2417 1230 2472 di·

201 2495 369 2566 rign,
399 2497 480 2549 sic
516 2496 745 2567 leges,-
721 2498 822 2550 -in
847 2497 1042 2569 quibus
1067 2497 1230 2569 perti·

201 2594 288 2629 cas
311 2577 526 2630 relicus
549 2575 810 2649 postridie
843 2596 1059 2649 gramen
1097 2597 1227 2651 ope-

199 2656 735 2710 rhet.=P111·.-
785 2658 944 2711 Conf.
968 2658 1228 2713 Varronis

199 2733 302 2787 loc.
333 2736 850 2807 pag.18,not.41.
882 2738 986 2790 En.

281 2822 376 2879 44.
415 2816 537 2869 Non
565 2828 740 2871 tamen.
771 2816 896 2870 Non
922 2830 1100 2870 tamen
1129 2835 1226 2870 ne-

197 2894 332 2947 scire
359 2908 553 2948 natura
589 2914 691 2950 nos
727 2896 929 2963 voluit,
957 2915 1077 2968 quo
1103 2899 1226 2951 sciri

195 2986 495 3047 oporteret.
514 2974 698 3030 linio.

279 3072 330 3107 1.
363 3056 574 3107 Ter-mm
609 3074 849 3121 «mmm,
881 3068 982 3110 etc.
1025 3057 1226 3127 Legen-

193 3131 324 3186 dum
340 3150 358 3185 ε
371 3134 628 3188 «Terram
641 3153 867 3189 amaram
881 3136 1222 3206 probaverim

191 3210 614 3268 demonstrantia
659 3232 792 3268 rarsi
846 3214 1222 3287 degener-isque

191 3292 376 3346 herba
399 3312 418 3349 z
455 3292 708 3367 frigidam
748 3306 924 3347 autem
955 3295 1222 3348 retorride

189 3384 308 3425 nata
322 3394 338 3424 ε
365 3373 504 3426 item
529 3374 862 3445 uliginosam,
893 3373 1104 3428 tristitia
1127 3394 1218 3429 ru·

189 3451 392 3505 brie-m
413 3454 592 3507 oculis
610 3470 625 3506 ε
643 3454 884 3525 argillam
896 3492 914 3517 ‚
930 3472 1051 3526 qun
1069 3455 1220 3526 operi

191 3529 515 3586 difficillima
530 3552 550 3600 ς
565 3550 790 3605 quoque
803 3546 996 3587 rastros
1009 3536 1101 3587 ant
1121 3553 1220 3587 vo·

189 3626 362 3665 meree
417 3612 730 3683 ingentibus
784 3613 950 3683 glebis
998 3618 1216 3677 onerem

191 3708 502 3764 que—nquam
544 3710 660 3745 non
701 3690 852 3764 quod
904 3694 1080 3763 operi,
1114 3693 1220 3747 hoc

189 3770 382 3825 fluctui
421 3770 750 3825 adversum:
784 3772 912 3825 item
941 3790 972 3825 e
1009 3786 1220 3827 conti-ao

187 3850 266 3903 rio
287 3851 606 3905 dnericiem
624 3864 681 3904 et
701 3850 946 3905 sabulum
965 3850 1164 3906 album.
1189 3878 1212 3899 ι

189 3926 422 3984 Saum.
467 3960 554 3973 -·
597 3932 800 3984 Terram
837 3950 1052 3983 amaram
1069 3971 1085 3996 ,
1125 3937 1221 3985 sive

189 4027 410 4063 am.
440 4010 514 4065 Η.
543 4030 595 4065 e.
621 4012 738 4065 sive
758 4029 988 4065 emnam
1009 4012 1220 4065 salsam-

189 4106 320 4159 que,
343 4091 460 4145 sive
495 4108 737 4145 mecum
777 4087 937 4154 (sunt
962 4091 1106 4145 enim
1135 4090 1219 4145 di-

193 4160 372 4239 versa)
418 4169 622 4226 iisdem
647 4171 810 4242 signis
839 4169 1218 4243 deprehendes.

1313 2053 1395 2066 -—
1427 2023 1627 2074 Terram
1643 2061 1659 2086 ,
1686 2035 1793 2076 etc.
1821 2023 1908 2076 Sic
1935 2023 2154 2079 totidem
2182 2027 2339 2100 plane

1313 2101 1502 2156 litteris
1518 2113 1571 2155 et
1589 2102 1829 2172 apicibus
1846 2103 2085 2158 Colbert.
2105 2125 2133 2158 η
2148 2144 2164 2167 ,
2194 2103 2225 2160 3
2243 2148 2259 2171 ‚
2284 2121 2339 2161 et

1313 2179 1432 2234 Par.
1482 2180 1585 2233 nisi
1625 2180 1775 2251 quod
1818 2201 1920 2233 eam
1952 2182 2186 2252 thuben,
2224 2204 2337 2240 non

1312 2279 1410 2313 eas.
1449 2259 1526 2313 At
1553 2259 1612 2312 in
1640 2261 1769 2331 neg.
1801 2279 1850 2324 1,
1890 2282 1951 2326 a,
1996 2261 2233 2318 Colhert.
2270 2283 2333 2328 1,

1311 2338 1522 2392 Thusn.
1547 2352 1599 2392 et
1626 2339 1770 2407 aliis,
1812 2360 1895 2392 eas
1919 2341 2130 2412 legitur.
2159 2344 2225 2396 In
2252 2343 2337 2398 his

1311 2430 1487 2472 tamen
1530 2419 1793 2489 posterius
1828 2420 2105 2492 appellatis
2146 2424 2333 2476 mutila

1311 2498 1572 2551 sententia
1628 2510 1706 2551 est
1756 2499 1813 2551 in
1865 2499 2011 2552 hunc
2063 2500 2285 2556 modum
2317 2522 2330 2554 :

1311 2579 1572 2631 «Terram
1594 2597 1825 2631 amaram
1846 2581 2183 2653 probaverim
2200 2621 2216 2648 ,
2238 2582 2333 2635 de·

1310 2669 1611 2711 monstrent
1641 2676 1759 2724 eas,
1794 2672 1893 2712 etc.
1920 2684 1943 2706 ι·
1980 2659 2141 2714 Unde
2168 2662 2329 2715 Salm.

1310 2736 1384 2790 ita
1429 2737 1641 2808 refingit
1686 2736 1745 2788 in
1795 2738 1964 2792 Solin.
2008 2758 2128 2811 pag.
2176 2749 2327 2806 114:

1317 2817 1586 2870 &Terram
1612 2834 1843 2870 amaram
1874 2818 2214 2888 probaverim
2236 2820 2328 2874 de-

1309 2896 1690 2957 monstrantia,
1721 2908 1823 2950 etc.
1844 2922 1868 2945 ι
1903 2897 2084 2971 Hiar).

1391 2996 1442 3029 ο.
1471 2976 1721 3028 Retorn'de
1750 2988 1886 3030 nata.
1920 2977 2085 3030 Velut
2132 2979 2329 3051 frigore

1308 3054 1509 3108 adusto
1527 3056 1732 3121 herbae,
1764 3068 1818 3108 et
1843 3068 1905 3109 ut
1934 3056 2203 3111 Palladius
2223 3061 2323 3123 ait,

1304 3134 1398 3207 lib.
1423 3136 1483 3201 1,
1519 3154 1636 3207 cap.
1668 3134 1733 3198 5,
1771 3134 1868 3187 ubi
1902 3136 2011 3189 vim
2047 3138 2160 3207 ejus
2182 3139 2327 3193 vocis

1305 3213 1580 3286 explanet,
1626 3214 1880 3267 naturalis
1916 3215 2059 3269 succi
2095 3229 2323 3288 egentes.

1385 3375 1441 3429 3.
1497 3372 1817 3444 Uligittosam.
1865 3374 2090 3446 Semper
2141 3375 2324 3429 humi·

1302 3452 1447 3519 dam,
1461 3452 1609 3525 quod
1634 3454 1689 3505 in
1715 3452 1834 3506 loco
1853 3454 2150 3523 presertim
2170 3474 2323 3527 oequo

1303 3532 1565 3604 contingit
1580 3573 1596 3597 ,
1620 3551 1787 3605 quum
1816 3551 1964 3604 aquae
1988 3553 2098 3587 non
2124 3534 2327 3589 hebent

1303 3610 1578 3683 delapsum
1602 3650 1619 3677 ,
1665 3625 1724 3665 ut
1766 3612 2005 3685 loquitur
2039 3614 2217 3668 Varro
2254 3614 2323 3668 de

1303 3694 1382 3746 Re
1407 3694 1558 3746 Rust.
1598 3691 1694 3745 lib.
1730 3692 1795 3757 1,
1835 3712 1952 3764 cap.
1987 3699 2039 3747 6.
2080 3693 2243 3759 Quod
2278 3696 2324 3749 si

1305 3771 1516 3825 modice
1569 3768 1793 3825 humida
1843 3785 1981 3826 terra
2032 3774 2103 3826 sit
2126 3815 2142 3839 ,
2198 3782 2347 3828 tunc'

1305 3852 1436 3904 dulci
1461 3852 1641 3922 uligine
1660 3852 1777 3904 Ioeta
1794 3851 2129 3925 intelligitur,
2151 3855 2325 3925 qualis

1261 3928 1268 3933 ’
1306 3950 1336 3984 ο
1354 3930 1586 4002 Virgilio
1601 3929 1877 3998 laudatur,
1900 3931 2097 4003 Geor-g.
2120 3933 2214 3987 lib.
2239 3935 2325 3999 11,

1306 4011 1529 4075 vs.184.
1553 4008 1731 4063 Hm.

1391 4098 1444 4155 4.
1469 4090 1603 4145 Nam
1618 4090 1812 4143 sterilis.
1833 4089 1971 4143 Nem
1994 4108 2111 4162 quo
2136 4090 2329 4145 sterilis

1309 4183 1387 4225 est
1409 4182 1584 4234 terra,
1608 4168 1772 4222 densa
1794 4180 1905 4235 est,
1936 4186 1997 4222 ac
2014 4170 2191 4223 dea-itte
2210 4188 2330 4240 quae

1983 4276 2067 4346 22
