3150 5150
649 622 679 674 3

725 484 868 556 188

1240 488 1323 556 C.
1380 488 1724 556 PLINII
1778 488 2000 556 NAT.
2059 486 2321 555 HIST.

820 618 1099 712 Nequeo
1131 618 1294 687 mihi
1333 633 1738 715 temperare,
1772 645 1906 714 quo
1956 621 2173 688 minus
2216 642 2424 688 unum
2476 615 2847 710 exemplum

717 724 1124 818 antiquitatis
1155 725 1432 794 afferam
1451 778 1470 812 ‚
1497 750 1579 795 ex
1610 751 1745 821 quo
1768 725 2041 820 intelligi
2066 727 2305 820 possit,
2329 722 2511 818 apud
2536 721 2849 817 populum

718 830 913 898 etiam
952 830 1037 900 de
1079 830 1354 900 culturis
1395 831 1636 926 agendi
1682 858 1936 902 morem
1999 828 2236 917 fuisse,
2276 828 2699 926 qualiterque
2742 828 2851 900 de-

720 935 899 1004 fendi
937 936 1110 1007 soliti
1151 939 1284 1008 sint
1317 937 1410 1006 illi
1456 939 1599 1006 viri.
1640 941 1718 1009 C.
1774 941 2013 1010 Furius
2065 920 2417 1008 Cresinus⁶
2452 961 2491 1004 e
2530 937 2845 1004 servitute

719 1040 1072 1130 liberatus,
1145 1069 1354 1138 quum
1418 1045 1486 1112 in
1555 1069 1767 1140 parvo
1834 1044 2195 1115 admodum
2266 1040 2483 1138 agello
2543 1039 2852 1134 largiores

719 1147 933 1218 multo
979 1149 1238 1220 fructus
1276 1151 1687 1245 perciperet,
1726 1177 1926 1247 quam
1955 1176 2037 1221 ex
2060 1148 2483 1246 amplissimis
2515 1147 2849 1230 vicinitas3

721 1254 790 1322 in
841 1255 1086 1325 invidia
1147 1280 1392 1352 magna
1435 1272 1613 1344 erat,
1652 1283 1773 1328 ceu
1820 1257 2045 1354 fruges
2076 1256 2323 1326 alienas
2359 1252 2713 1350 pelliceret
2750 1278 2853 1321 ve-

653 1367 689 1425 4
723 1359 993 1432 neficiis.
1040 1363 1498 1452 Quamobrem
1527 1387 1566 1432 a
1603 1365 1715 1459 Sp.
1746 1363 2029 1433 Albino⁷
2077 1361 2291 1434 curuli
2332 1361 2439 1430 die
2468 1359 2691 1448 dicta,
2726 1385 2853 1428 me-

721 1481 914 1536 tuens
953 1468 1484 1554 damnationem,
1528 1496 1734 1565 quum
1776 1471 1843 1539 in
1888 1469 2283 1565 suffragium
2330 1467 2545 1538 tribus
2594 1480 2856 1559 oporte-

719 1587 824 1642 ret
861 1575 985 1655 ire,
1029 1577 1541 1645 instrumentum
1600 1579 1924 1646 rusticum
1976 1601 2177 1646 omne
2214 1576 2285 1644 in
2330 1573 2555 1644 forum
2602 1569 2853 1656 attulit,

725 1693 794 1748 et
845 1679 1122 1750 adduxit
1173 1680 1487 1750 familiam
1535 1681 1857 1770 validam,
1895 1697 2095 1777 atque
2147 1672 2277 1775 (ut
2314 1681 2409 1749 ait
2448 1674 2647 1764 Piso)
2698 1677 2859 1746 bene

721 1799 1022 1856 curatam
1075 1811 1156 1856 ac
1205 1789 1508 1866 vestitam
1527 1843 1546 1873 ,
1604 1788 2005 1858 ferramenta
2045 1788 2308 1884 egregie
2350 1785 2563 1870 facta,
2628 1808 2857 1879 graves

720 1889 1006 1985 ligoneS,
1029 1917 1334 1962 vomeres
1366 1894 1812 1989 ponderosos,
1852 1895 2061 1966 boves
2090 1909 2371 1964 saturos.
2400 1894 2647 1960 Postea
2666 1889 2855 1959 dixit:

719 2036 855 2090 cinit
882 2035 1082 2107 Georg.
1105 2036 1162 2100 1,
1203 2055 1256 2090 v,
1299 2039 1410 2091 268
1435 2055 1448 2090 ε
1481 2059 1504 2082 ·
1523 2039 1745 2110 Quippe

720 2116 878 2170 etiarn
912 2116 1057 2171 sestis
1089 2113 1330 2186 quedam
1359 2136 1606 2172 exercere
1633 2117 1746 2176 die-

721 2197 822 2248 bus
849 2195 949 2248 Fas
977 2207 1029 2249 et
1051 2197 1173 2265 jura
1204 2197 1386 2249 sinunt
1412 2216 1426 2250 ε
1471 2197 1615 2251 rivos
1652 2196 1747 2250 de·

722 2273 922 2329 ducere
943 2274 1087 2328 nulla
1115 2276 1343 2348 nauigio
1364 2278 1536 2330 vetuit
1549 2316 1566 2342 ‚
1586 2277 1748 2346 segeti

722 2354 1051 2426 praetendere
1069 2373 1260 2426 saepem
1276 2394 1293 2419 ‚
1319 2356 1544 2410 Insidias
1563 2357 1750 2410 avibus

725 2433 906 2487 moliri
929 2471 947 2499 ,
973 2432 1256 2488 incendere
1296 2453 1484 2506 vepres
1504 2475 1522 2502 ,
1556 2436 1747 2492 Balan-

723 2525 944 2585 tumque
969 2531 1154 2585 greges
1173 2511 1340 2568 fluvio
1360 2533 1588 2569 mersare
1609 2516 1749 2568 salu-

722 2592 828 2651 hri.
851 2618 874 2642 ιι
911 2618 934 2641 ι
965 2594 1283 2666 Quanquam
1304 2595 1587 2665 pontifices
1611 2629 1630 2658 ‚
1662 2596 1748 2648 in·

722 2673 843 2745 quit
868 2674 1162 2729 Columella
1177 2713 1194 2737 ,
1211 2686 1405 2745 negant
1419 2688 1647 2746 segetem
1670 2676 1747 2729 fe-

723 2753 818 2807 riis
858 2753 1018 2824 sepiri
1049 2751 1244 2807 debere
1269 2772 1283 2806 τ
1320 2766 1500 2807 vetant
1533 2773 1748 2826 quoque

723 2832 964 2886 lanarum
979 2852 1134 2888 causa
1153 2833 1318 2887 lavari
1338 2852 1490 2897 oves,
1505 2834 1611 2887 nisi
1627 2853 1750 2905 pro·

723 2924 849 2983 pter
873 2912 1190 2967 medicinam
1196 2950 1340 2967 .....
1366 2913 1536 2968 Feriis
1569 2926 1749 2967 autem

723 2991 860 3045 ritus
875 2994 1148 3063 majorum
1165 2992 1322 3047 etiem
1349 2993 1438 3047 illa
1455 2994 1747 3065 permittit:

724 3070 806 3125 far
831 3072 1044 3142 pinsere
1062 3111 1079 3138 ,
1097 3072 1236 3126 faces
1259 3072 1497 3129 incidere
1514 3111 1531 3139 ,
1555 3072 1747 3127 cande-

724 3150 802 3203 las
823 3152 1036 3217 sebai-e,
1063 3165 1161 3206 etc.
1185 3178 1208 3201 ι
1237 3153 1307 3207 Et
1335 3154 1500 3218 Cato,
1527 3172 1643 3225 cap.
1666 3172 1745 3207 11:

734 3254 757 3277 ι
783 3230 888 3284 Per
910 3231 1064 3285 ferias
1089 3250 1221 3285 vero
1242 3233 1406 3287 fossas
1427 3246 1631 3287 veteres
1651 3246 1752 3287 ter-

726 3309 860 3381 geri,
872 3310 1012 3364 viam
1029 3311 1298 3383 publicam
1321 3313 1522 3368 muniri
1534 3352 1551 3380 ,
1561 3332 1753 3385 vepres

727 3388 927 3454 midi,
951 3391 1167 3445 hortum
1203 3390 1363 3446 deiri
1381 3430 1398 3457 2
1423 3404 1526 3447 etc.
1553 3420 1579 3443 ι
1617 3420 1640 3442 ι
1670 3394 1750 3447 M·

727 3470 950 3523 Porcius
973 3470 1135 3536 Cato,
1157 3471 1332 3542 inquit
1359 3472 1653 3526 Columella
1668 3512 1687 3539 ,
1712 3473 1750 3527 l.

729 3566 778 3603 c.
801 3548 958 3602 mulis
977 3586 992 3609 .
1021 3551 1174 3621 equis
1198 3588 1215 3616 ,
1253 3552 1414 3604 asinis
1443 3551 1615 3607 nullas
1642 3570 1753 3607 esse

729 3627 888 3681 ferias
911 3627 1076 3693 dixit,
1096 3642 1196 3683 etc.
1221 3654 1244 3677 ι
1277 3630 1461 3686 Han.

809 3711 867 3761 6.
881 3707 1122 3762 Casinus.
1140 3708 1292 3763 MSS.
1317 3710 1569 3763 Cresimus.
1593 3709 1755 3782 Apud

730 3786 1022 3841 Gruterum
1039 3826 1056 3852 ‚
1089 3806 1212 3859 pag.
1245 3787 1316 3843 35
1341 3826 1358 3853 ‚
1404 3790 1639 3843 Gramina
1665 3789 1755 3842 Se-

729 3868 911 3920 cundus
948 3867 1159 3939 legitur.
1197 3868 1373 3923 Habet
1394 3867 1599 3941 aliquid
1627 3870 1755 3924 huic

727 3946 1019 4001 narrationi
1074 3948 1346 4019 persimile
1396 3949 1599 4003 Plinius
1623 3987 1640 4015 ,
1688 3948 1756 4003 de

726 4026 974 4081 Remmio
998 4027 1317 4095 Palaemone‚
1336 4029 1431 4082 lib.
1449 4030 1605 4095 XIV,
1626 4049 1677 4083 c.
1701 4028 1753 4083 5.

727 4103 812 4169 Ad
845 4106 981 4161 hanc
1014 4121 1224 4179 gentem
1259 4110 1470 4165 Furiam
1507 4128 1757 4165 nummus

1833 2039 2062 2110 pertinet
2083 2050 2357 2108 argenteus
2378 2053 2409 2088 e
2440 2035 2637 2088 Museo
2666 2047 2860 2099 nostro,

1834 2130 1887 2170 et
1907 2116 2049 2190 apud
2080 2117 2359 2180 Patinum,
2385 2132 2511 2186 pag.
2554 2133 2579 2167 1
2600 2133 2693 2181 17,
2724 2134 2779 2166 n.
2812 2115 2861 2178 3,

1834 2198 1892 2250 in
1922 2216 2030 2269 quo
2069 2196 2192 2248 sani
2235 2194 2487 2248 bifrontis
2532 2193 2719 2264 imago
2754 2207 2859 2259 est,

1836 2295 1957 2330 cum
1998 2275 2286 2347 epigraphe
2308 2311 2325 2339 ,
2364 2291 2429 2326 n.
2480 2291 2635 2326 rvnt.
2674 2293 2727 2326 ι.
2756 2270 2859 2334 r.)(.

1834 2358 2129 2427 Tropoeum
2161 2353 2333 2426 portis
2372 2353 2606 2407 civitatis
2648 2353 2859 2425 imposi-

1835 2447 1951 2499 tum
1977 2453 1992 2488 ε
2015 2434 2144 2488 hinc
2177 2433 2356 2505 aquila
2383 2431 2713 2504 legionaria,
2744 2432 2861 2484 inde

1835 2510 2005 2570 Roma
2024 2528 2167 2568 stans
2184 2513 2409 2586 galeata,
2426 2511 2649 2566 sinistra
2668 2513 2859 2566 hastam

1834 2596 1997 2667 gerit,
2026 2595 2136 2648 sive
2166 2606 2431 2665 sceptrum
2450 2632 2467 2657 ,
2489 2590 2685 2645 dextra
2716 2612 2863 2647 com·

1837 2694 1959 2729 nam
1987 2674 2221 2747 imponit
2267 2687 2489 2744 tropaeo.
2535 2673 2739 2741 Retro,
2778 2692 2863 2726 no-

1835 2773 1939 2809 in-
1966 2753 2133 2819 Inde,
2160 2753 2363 2818 PHLI,
2399 2770 2500 2824 pro
2526 2770 2714 2807 tutu.
2748 2754 2863 2806 Non

1834 2848 1912 2887 est
1937 2834 2029 2887 hic
2060 2833 2255 2887 Furius
2300 2832 2622 2903 cognomine
2663 2832 2859 2885 Philus.

1835 2914 1994 2967 Certe
2024 2914 2069 2967 si
2092 2931 2289 2966 nomen
2310 2912 2393 2967 his
2418 2911 2613 2965 litteris
2632 2912 2867 2983 designa·

1834 3006 2007 3053 remr.
2037 2994 2231 3046 Philias
2271 3003 2439 3054 esset,
2492 3010 2607 3044 non
2652 2992 2825 3044 Philas
2844 3012 2864 3043 .-

1835 3092 1903 3127 vr
1934 3090 2101 3127 suar
2130 3072 2293 3126 scribi
2322 3070 2486 3136 solet,
2515 3089 2622 3141 pro
2654 3070 2867 3141 Set-giu,

1836 3168 1891 3213 et
1922 3165 2112 3207 catera
2150 3151 2391 3205 similiter
2433 3150 2637 3203 omnia.
2680 3152 2755 3203 At
2782 3151 2867 3203 hic

1834 3232 2093 3288 sententia
2108 3244 2215 3285 est:
2238 3230 2315 3285 Μ.
2343 3229 2523 3283 Fum'us
2544 3230 2695 3283 Lucii
2714 3231 2868 3283 Fui«,

1837 3313 2082 3384 Philipp&
2108 3312 2365 3380 Legionem
2398 3311 2635 3381 Imposuit
2648 3348 2667 3374 ,
2689 3309 2868 3381 praeti-

1838 3392 2059 3447 diat-iam
2082 3390 2307 3453 scilicet.
2330 3403 2447 3461 post
2470 3390 2719 3461 prolium
2740 3390 2871 3442 Phi-

1838 3474 2083 3544 lippense
2102 3508 2120 3536 ‚
2146 3470 2273 3525 anni
2294 3470 2367 3523 U.
2393 3469 2455 3523 C.
2488 3488 2631 3539 7¹²·
2660 3470 2845 3522 Ham.

1922 3570 1979 3622 7.
2010 3549 2099 3622 Sp.
2122 3550 2328 3604 Albino.
2356 3549 2447 3620 Sp.
2479 3549 2757 3603 Postumio
2774 3550 2871 3601 ΔΙ-

1840 3632 2002 3697 bino,
2022 3628 2165 3684 adili
2188 3642 2301 3683 tum
2328 3628 2521 3683 curuli.
2536 3630 2603 3681 In
2623 3628 2727 3681 bac
2744 3647 2871 3681 nar-

1840 3712 2051 3766 ratione
2065 3749 2083 3778 ,
2111 3728 2278 3781 quum
2309 3709 2462 3780 prius
2494 3708 2785 3778 legeretur,
2797 3706 2873 3777 fi-

1843 3793 1959 3844 liam
1982 3790 2201 3843 validam
2214 3828 2231 3855 ,
2248 3788 2610 3861 reposuimus,
2625 3788 2873 3855 familiam

1842 3871 2059 3923 validam
2084 3890 2104 3923 .·
2124 3868 2386 3922 admoniti
2432 3866 2575 3922 dicto
2620 3867 2873 3931 Catonis,

1845 3949 1993 4021 quod
2030 3968 2095 4003 ex
2132 3948 2229 4002 lib.
2267 3947 2336 4001 de
2380 3950 2458 4001 Re
2494 3949 2643 4001 Rust.
2676 3964 2793 4017 cap.
2834 3948 2867 4001 5

1845 4029 2189 4102 desumptum
2234 4027 2427 4082 Noster
2470 4028 2713 4099 proxime
2752 4026 2873 4079 lau..

1846 4109 1938 4164 dat
1953 4149 1970 4177 ,
2000 4111 2079 4164 Ne
2090 4108 2301 4177 samilioe
2326 4108 2448 4161 male
2468 4111 2549 4162 sit.
2576 4106 2756 4161 Hann-
