3150 5150
905 539 1214 609 LIBER
1261 540 1567 611 XVIII.
1627 552 1636 562 ‘

2170 539 2311 613 313

178 674 457 768 Aspice,
484 682 553 741 et
574 660 763 741 tenes
792 668 993 741 sidus.
1029 670 1175 742 Alia
1207 687 1395 768 parte
1430 672 1662 743 caelum
1691 673 2086 767 respiciunt,
2110 700 2310 769 quam

138 864 145 869 ὁ
180 804 321 875 qua
382 791 761 873 spectavere
811 776 1039 871 pridie.
1109 778 1319 851 Salice
1362 780 1586 849 omnia
1637 776 1903 874 alligas,
1944 780 2308 853 humillima
2347 806 2378 862 4

176 885 542 971 arborum,
588 883 726 979 ipse
773 897 919 953 toto
954 884 1170 977 capite
1208 883 1447 955 altior:
1492 899 1559 954 et
1600 885 1797 977 hujus
1836 887 2306 1007 circumagam.

124 1020 129 1023 ·
177 991 369 1081 Quid
408 1005 473 1061 te
512 990 829 1059 rusticum
864 989 1203 1083 quereris}>
1236 992 1393 1061 Non
1430 1005 1557 1061 stat
1589 1016 1709 1087 per
1740 1016 1888 1077 me,
1925 1016 2061 1086 quo
2087 994 2310 1064 minus

176 1096 419 1167 caelum
436 1092 789 1189 intelligas,
821 1109 889 1164 ει
912 1094 1193 1166 caelestia
1210 1099 1394 1167 sciaS.
1421 1098 1618 1167 Dabo
1651 1112 1719 1166 et
1733 1096 2003 1169 auribus
2021 1099 2305 1193 signum.

172 1202 577 1272 Palumbum
606 1203 833 1295 utique
866 1202 1101 1273 exaudi
1130 1204 1429 1298 gemitus.
1456 1204 1796 1273 Transisse
1821 1201 2170 1275 solstitium
2195 1230 2304 1277 ca-

172 1324 339 1379 veto
366 1323 595 1403 puteS,
629 1308 755 1377 nisi
782 1332 986 1402 quum
1018 1310 1441 1379 incubantem
1468 1308 1714 1379 videris
1741 1308 2146 1448 palumbum.

282 1418 351 1484 A·
392 1412 668 1487 solstitio
708 1413 795 1481 ad
824 1418 879 1483 F
880 1414 1135 1485 rdiculae
1168 1440 1478 1487 occasum
1534 1429 1722 1486 sexto
1773 1404 2122 1487 kalendas⁴
2155 1415 2300 1511 julii
2339 1434 2370 1486 5
2416 1490 2425 1498 ‚

174 1523 433 1591 Caesari
456 1521 667 1590 Orion
696 1521 1031 1606 exoritur3
1060 1546 1247 1592 zona.
1254 1536 1475 1593 autem
1510 1521 1654 1613 ejus
1688 1536 1924 1616 quarto
1959 1546 2168 1593 nonas
2193 1526 2308 1593 As·

176 1629 423 1721 syriae:
453 1628 737 1721 AEgypto
780 1650 942 1696 vero
989 1630 1293 1722 Procyon
1342 1629 1670 1699 matutino
1719 1642 2089 1699 aestuosus,
2126 1628 2308 1724 quod

174 1732 361 1802 sidus
400 1731 580 1827 apud
614 1734 952 1802 Romanos
994 1758 1127 1804 non
1169 1734 1370 1804 habet
1408 1758 1694 1820 nomen,
1726 1734 1848 1803 nisi
1865 1718 2306 1804 ⁵Caniculam

174 1838 355 1907 hanc
401 1836 677 1908 velimus
725 1838 1035 1933 intelligi,
1078 1841 1207 1911 hoc
1245 1855 1381 1927 est,
1420 1841 1746 1909 minorem
1794 1842 2083 1928 Canem,
2125 1855 2202 1911 ut
2239 1842 2310 1909 in

172 1946 373 2015 astris
424 1946 737 2040 pingitur.
790 1946 913 2015 Est
952 1930 1217 2017 autem⁶
1263 1968 1668 2041 magnopere
1711 1946 2087 2041 pertinenS,
2139 1948 2309 2016 sicut

178 2106 351 2160 -nic
384 2106 483 2161 uhi
520 2104 707 2161 densas
734 2104 1003 2178 Agricola
1039 2108 1201 2162 strin-

172 2198 313 2257 gunt
340 2184 579 2239 frondes.
603 2210 626 2232 n
661 2185 844 2239 Ηιιιι).

256 2273 311 2329 4.
344 2265 503 2319 Sexto
526 2264 753 2317 kalendas
765 2268 923 2335 junii,
945 2279 1045 2320 etc.
1070 2266 1197 2338 Leg-

172 2346 377 2399 -Sexto
400 2344 655 2399 kalendas
675 2344 796 2415 julii
818 2346 1009 2398 Caesari
1026 2344 1199 2399 Orion

170 2425 450 2490 exoritur,
476 2426 620 2477 Zona
648 2431 820 2477 autem
858 2426 971 2495 ejus
1007 2438 1199 2496 quarto

168 2524 343 2557 nonas
362 2542 382 2569 ,
437 2504 699 2573 Assyriam
764 2508 999 2575 AEgypto
1072 2522 1199 2558 vero

168 2586 463 2656 Procyon,
482 2597 581 2638 etc.
607 2584 713 2637 hoc
730 2597 808 2638 est
824 2584 1085 2638 minorem
1098 2584 1199 2638 Ca-

164 2684 329 2726 nem,
350 2677 417 2716 ut
430 2663 485 2717 in
495 2664 643 2717 nstris
656 2663 915 2736 pingitur,
930 2662 999 2716 ad
1012 2677 1198 2718 astum

162 2762 504 2815 magnopere
560 2743 850 2814 pertinens.
896 2769 919 2790 ι·
968 2745 1195 2814 Προκὺων

164 2824 377 2878 Grecis
404 2825 571 2894 μικρὸς
598 2825 719 2875 num
742 2822 956 2887 dicitur,
968 2826 1202 2876 minu-reu

166 2905 267 2956 lum
310 2923 486 2956 canem
528 2915 681 2956 vocat
724 2902 1015 2958 Vitruvius.
1053 2903 1197 2975 Ergo

164 2984 439 3038 Canicula
454 2981 627 3036 Plinio
646 3001 739 3052 qui
724 2982 953 3036 Graecis
968 2984 1193 3054 Πρωώων

160 3063 239 3117 sic
252 3062 463 3126 dictus,
479 3060 625 3134 quod
635 3081 699 3114 sn
706 3074 757 3114 te
764 3063 961 3115 Canem
975 3063 1198 3130 oriatur,

162 3144 247 3196 vel
262 3142 425 3215 quod
446 3140 648 3194 indicet
666 3141 823 3196 Canis
849 3141 1198 3195 ortum.Vide

160 3223 351 3276 Sint.
362 3221 752 3274 -Julit.v0tt.
767 3219 913 3274 editt.
920 3223 1071 3292 junii.
1091 3223 1196 3274 En.

244 3310 303 3358 5.
338 3303 469 3356 Nisi
498 3300 798 3354 Caniculam.
830 3301 941 3353 Nisi
970 3301 1198 3354 Canicu-

158 3383 269 3434 lam
290 3421 311 3448 ,
369 3380 581 3454 inquit,
623 3381 877 3452 appelles,
929 3398 1048 3451 quae
1097 3399 1199 3432 vox

154 3462 447 3516 minorem
475 3478 659 3514 canem
689 3473 855 3515 sonat.
890 3459 1200 3513 Caniculam

154 3542 383 3594 Plinius
427 3551 606 3602 vocat,
649 3557 807 3611 quem
850 3539 941 3592 alii
982 3540 1155 3608 Σείριον
1180 3575 1199 3604 ,

152 3641 283 3694 qun
300 3620 465 3674 stella
482 3633 559 3672 est
573 3617 899 3673 lucidissima
914 3630 970 3672 et
982 3618 1201 3690 flagran-

152 3703 377 3754 tissima
402 3700 469 3752 in
500 3717 595 3754 ore
621 3701 831 3770 majoris
855 3699 1013 3752 Canis
1044 3716 1058 3750 :
1082 3716 1201 3770 quo

148 3794 207 3834 et
252 3781 502 3852 Προκὺυν
539 3776 681 3832 dicta
729 3791 836 3844 est,
888 3776 1037 3849 quod
1078 3790 1203 3831 ante

146 3863 375 3914 Canem
406 3859 600 3912 oritur.
640 3859 722 3912 Ita
758 3856 996 3912 Galenus
1038 3855 1198 3928 Epid.

146 3941 333 4013 Hipp.
390 3940 457 4004 1,
511 3939 709 3992 Sirium
758 3939 974 4008 προιώνα
1027 3951 1199 3992 vocat.

148 4023 305 4073 Κύων
356 4019 449 4090 μὲν
482 4017 611 4090 γὰρ,
650 4017 855 4089 inquit,
905 4019 962 4070 τὸ
996 4017 1196 4088 σύμπαν

145 4104 335 4170 Cis-pov·
366 4102 393 4152 ὁ
422 4093 485 4151 δὲ
511 4097 593 4152 ivri
616 4105 701 4152 τοῦ
728 4101 892 4168 γένυος
918 4099 1065 4150 αὐτοῦ
1091 4099 1199 4150 Σαί-

140 4201 281 4250 ριος,
346 4180 401 4232 ὃν
450 4179 594 4248 ὀρθῶς
648 4179 704 4232 ἂν
744 4197 815 4238 τις
860 4177 1085 4247 ὀνομάζοι
1116 4179 1198 4232 τὸν

1288 2109 1535 2179 npetu-'ua-
1576 2106 1778 2160 Sirium
1813 2104 1965 2161 addit
1996 2106 2252 2179 appellari
2278 2128 2310 2163 a

1284 2188 1557 2241 nonnullis
1579 2189 1701 2241 ιώνα
1717 2227 1734 2251 ,
1754 2186 1900 2259 quod
1924 2186 2088 2240 totius
2110 2206 2307 2241 nomen

1284 2278 1361 2320 est
1400 2266 1590 2321 sideris
1611 2285 1629 2321 ι
1665 2265 1858 2319 rectius
1887 2278 2064 2321 tamen
2090 2268 2308 2320 Amoea-
2359 2332 2368 2339 .

1284 2365 1421 2411 nem,
1456 2348 1682 2417 sspozdme.
1699 2344 1985 2417 appellari,
2016 2364 2176 2417 quam
2219 2366 2306 2400 ca·

1282 2444 1425 2479 nem.
1479 2426 1605 2480 Hac
1649 2436 1710 2480 et
1747 2425 1850 2479 alia
1903 2425 2069 2478 mults
2114 2425 2306 2479 Loelius

1283 2504 1507 2558 Bisciola
1552 2524 1657 2559 soc.
1698 2505 1733 2557 J
1737 2523 1826 2557 esu
1866 2504 2060 2558 Horar.
2100 2506 2301 2559 subces.

1282 2583 1413 2650 ΧΠ,
1430 2586 1628 2650 2‚t.11:
1655 2587 1780 2638 ‹Est
1796 2585 1936 2638 enim
1959 2586 2297 2657 benignum,-

1282 2664 1441 2717 Plinii
1479 2663 1656 2718 verbis
1703 2677 1853 2728 utor,
1899 2691 1922 2712 ι
1969 2677 2024 2718 ει
2081 2666 2306 2736 plenum

1282 2743 1496 2816 ingenui
1539 2743 1764 2815 pudoris
1784 2781 1800 2808 ,
1843 2744 1996 2798 fateri
2031 2763 2130 2815 per
2171 2765 2305 2816 quos

1282 2821 1590 2894 profeceris,
1621 2843 1731 2876 non
1751 2835 1809 2875 nt
1827 2823 2068 2896 plerique
2086 2823 2304 2877 faciunt.

1283 2902 1427 2956 Scito
1470 2903 1616 2956 enim
1667 2903 2022 2957 conferentem
2064 2916 2304 2956 auctores

1282 3001 1367 3036 me
1392 2981 1835 3054 deprehendisse,
1862 3009 1886 3030 .
1911 3001 1940 3034 a
1968 2981 2219 3036 Salmasio
2245 2983 2304 3035 in

1281 3060 1449 3115 Solin.
1482 3081 1537 3132 p.
1569 3063 1713 3129 430,
1757 3063 1870 3115 haec
1905 3063 2108 3132 aliaque
2141 3081 2300 3132 quam

1280 3141 1509 3212 plurima
1539 3160 1606 3194 ex
1641 3133 1863 3194 Bisciola
1897 3141 2208 3211 transcripta
2233 3141 2302 3194 ad

1281 3223 1501 3274 verbum
1519 3258 1535 3284 ,
1573 3238 1673 3273 nec
1701 3219 1976 3274 Bisciolam
2003 3231 2178 3272 tamen
2204 3239 2304 3274 no·

1282 3301 1554 3354 minatum.
1579 3299 1760 3374 Bran.

1366 3383 1420 3432 6.
1453 3378 1555 3430 Est
1591 3391 1766 3431 autem.
1807 3379 2000 3449 Magna
2033 3378 2114 3431 vis
2145 3379 2306 3450 hujus

1283 3457 1470 3513 sideris
1482 3470 1561 3511 est
1575 3458 1808 3530 ‚lateque
1822 3458 2053 3528 pertinet
2063 3497 2081 3523 ,
2094 3477 2306 3530 magna-

1287 3556 1393 3607 que
1432 3536 1730 3590 efficientia.
1776 3568 1857 3578 -
1899 3539 1980 3592 De
2023 3530 2164 3592 Sirio
2193 3540 2306 3592 sive

1287 3615 1539 3670 Canicula
1578 3617 1770 3688 agitur.
1810 3618 1890 3671 Its
1931 3636 2096 3689 porro
2145 3619 2302 3671 MSS.
2329 3625 2340 3634 “

1287 3715 1497 3760 omnes,
1522 3715 1656 3770 quos
1689 3695 1902 3768 quidem
1944 3696 2192 3752 vidimus.
2240 3702 2308 3751 Αι

1286 3777 1496 3849 scripsit
1526 3777 1582 3830 in
1622 3796 1716 3830 ora
1749 3777 1945 3832 codicis
1975 3778 2058 3830 sui
2085 3778 2306 3831 Pelliee-

1286 3856 1399 3910 rius
1409 3895 1423 3918 ,
1452 3856 1545 3910 Ad
1554 3870 1720 3910 testum
1739 3877 2021 3928 magnopere
2030 3861 2274 3928 pertinens
2292 3896 2308 3920 ,

1285 3948 1348 3989 ut
1366 3934 1680 4009 jamdudum
1709 3937 2007 3990 observavit
2031 3936 2272 3989 Petavius
2291 3973 2306 3997 ,

1287 4017 1447 4070 Varr.
1472 4017 1608 4070 Diss.
1635 4016 1692 4069 in
1717 4017 1939 4069 Uranol.
1957 4017 2011 4067 11
2027 4055 2042 4079 ,
2069 4034 2153 4068 ιο.
2179 4015 2306 4067 Per-

1287 4097 1457 4150 tinere
1482 4095 1551 4149 ad
1583 4108 1768 4148 aestum
1793 4095 2010 4158 dicitur,
2035 4094 2078 4147 si
2101 4111 2224 4146 vera
2247 4113 2308 4146 ca

1290 4176 1444 4230 lectio
1488 4187 1598 4240 est,
1633 4173 1775 4247 quod
1820 4176 2086 4244 ingentem
2123 4185 2309 4226 astum
