3150 5150
837 495 977 564 128
1361 496 1440 562 C.
1497 494 1836 562 PLINII
1894 494 2106 562 NAT.
2164 496 2416 562 HIST.

825 651 953 720 que
981 639 1048 696 et
1073 625 1346 695 arbores
1377 627 1649 695 morbis,
1671 625 1853 715 Quid
1879 628 2051 714 enim
2084 627 2381 721 genitum
2404 641 2589 694 caret
2609 625 2713 695 his
2736 625 2951 697 malis?

823 735 912 802 Et
947 727 1337 802 silvestrium
1373 732 1639 826 quidem
1676 733 2079 827 perniciosos
2109 746 2356 827 negant
2386 757 2563 815 esse,
2602 735 2951 828 vexarique

823 853 1081 908 tanturn
1119 838 1483 934 grandine
1465 864 1534 906 in
1564 841 2041 932 germinatione
2078 854 2193 908 aut
2230 839 2410 907 flore.
2446 838 2657 906 Aduri
2692 863 2953 934 quoque

825 943 1120 1076 fervsore‚
1167 958 1286 1016 aut
1327 944 1489 1013 flatu
1529 944 1906 1039 frigidiore,
1963 959 2369 1039 praepostero
2423 943 2591 1012 die.
2640 948 2950 1039 quoniam

757 1037 980 1120 2³suo
1031 1049 1278 1146 frigora
1306 1053 1502 1120 etiam
1535 1066 1863 1145 prosunt,
1896 1066 1971 1120 ut
2004 1051 2309 1121 diximus.
2356 1050 2540 1140 Quid
2578 1050 2793 1146 ergo?
2826 1077 2953 1122 non

821 1172 890 1226 et
916 1159 1081 1227 vites
1114 1157 1338 1252 algore
1369 1155 1749 1226 intereunt?
1784 1161 1931 1226 Hoc
1962 1157 2227 1252 quidem
2263 1171 2549 1277 est-‚quo
2586 1155 2951 1252 deprehen—

821 1262 1019 1332 datur
1051 1262 1171 1333 soli
1201 1265 1467 1350 vitium,
1502 1265 1819 1357 quoniam
1850 1289 1987 1334 non
2015 1265 2235 1333 evenit
2260 1265 2399 1332 nisi
2420 1265 2486 1331 in
2519 1263 2789 1358 frigido.
2824 1268 2951 1333 Ita·

822 1395 952 1465 que
981 1396 1116 1465 per
1149 1356 1440 1440 hiemes⁴
1484 1368 1624 1438 caeli
1661 1371 1946 1464 rigorem
1984 1369 2344 1464 probamus
2366 1424 2386 1458 ,
2426 1395 2564 1438 non
2606 1367 2755 1439 soli.
2818 1375 2951 1439 Nec

821 1477 1279 1547 infirmissimae
1331 1477 1603 1545 arbores
1659 1475 1807 1571 gelu
1855 1475 2315 1570 periclitantur
2334 1527 2353 1560 ‚
2424 1475 2541 1545 sed
2600 1479 2951 1546 maximae:

819 1584 1200 1677 vexatisque
1237 1585 1329 1650 ita
1365 1583 1709 1652 cacumina
1736 1583 1952 1678 prima
1984 1584 2403 1668 inarescunt,
2436 1583 2765 1712 quoniam
2800 1607 2952 1678 prae-

820 1689 1086 1758 strictus
1123 1687 1275 1784 gelu
1315 1713 1452 1757 non
1495 1690 1715 1782 potuit
1757 1713 1837 1757 eo
1880 1689 2229 1783 pervenire
2266 1673 2566 1756 humor⁵.

755 1797 787 1848 3
929 1794 1260 1863 Arborum
1300 1779 1611 1889 quidam⁶
1652 1817 2038 1863 communes
2074 1795 2330 1882 morbi,
2396 1792 2671 1887 quidam
2716 1797 2953 1889 privati

821 1925 1157 1996 generum.
1189 1900 1621 1970 Communis⁷
1648 1899 2098 1970 vermiculatio
2128 1916 2261 1985 est,
2284 1848 2621 1988 sideratio,
2654 1925 2735 1968 ac
2774 1901 2955 1971 dolor

819 2138 1006 2193 iisdem
1023 2139 1354 2211 temporibus
1367 2138 1701 2192 successerit:
1720 2149 1845 2190 tem·
1932 2149 1996 2188 ut
2034 2139 2166 2190 vites
2206 2137 2385 2207 algore
2425 2135 2695 2190 intereant
2732 2157 2752 2190 ε
2792 2157 2953 2210 neque

820 2219 1020 2289 pestiva
1039 2231 1214 2271 autem
1239 2219 1440 2284 hieme,
1461 2237 1558 2271 nec
1575 2218 1621 2270 si
1636 2217 1839 2270 violen-
1930 2215 2077 2270 enim
2096 2214 2153 2269 id
2164 2214 2375 2281 accidit,
2388 2216 2491 2268 nisi
2518 2215 2577 2268 in
2604 2215 2815 2287 frigido
2834 2219 2951 2270 solo.

825 2299 930 2351 tior
977 2299 1140 2352 fuerit
1163 2337 1178 2362 ,
1217 2296 1510 2368 quidquam
1561 2295 1721 2352 laedi:
1748 2295 1841 2350 sed
1929 2295 2116 2368 Itaque
2145 2314 2245 2366 per
2284 2296 2549 2358 hiemem,
2588 2297 2809 2367 inquit,
2854 2299 2953 2350 cali

819 2377 1070 2431 omnibus
1096 2377 1326 2447 algorem
1349 2374 1599 2448 prodesse
1618 2377 1840 2442 volunt,

825 2469 928 2510 etc.
955 2484 976 2504 .
1003 2453 1184 2509 Hnnn.

904 2536 956 2591 3.
990 2537 1230 2605 Quoniam
1252 2555 1353 2589 suo.
1379 2537 1490 2589 Suo
1517 2533 1607 2589 die
1628 2553 1687 2589 ac
1710 2548 1835 2589 tem-

819 2635 966 2687 pore.
974 2616 1352 2711 ‘Theoplirasn
1383 2615 1508 2667 ἀλλὰ
1546 2615 1631 2668 καὶ
1657 2616 1837 2687 ξυμφέ-

817 2716 911 2766 ρειν
925 2700 1052 2749 πᾶσι
1065 2700 1404 2766 χειμασθῆναι·
1422 2717 1489 2765 μη
1469 2696 1835 2765 χειμασθέντας

816 2775 942 2855 γὰρ,
969 2772 1371 2846 κακοῧλαςότιρα.
1389 2776 1677 2845 'rinconi-n
1654 2774 1834 2827 ‘Om-

816 2856 977 2909 nibus
1019 2856 1169 2925 algor
1211 2853 1470 2925 prodest.
1501 2855 1701 2925 quippe
1733 2854 1837 2907 nisi

816 2935 1028 2999 slserit,
1069 2932 1302 2988 deterius
1355 2934 1835 3005 germinant.·1n

815 3013 1131 3088 quibusdam
1158 3014 1368 3068 MSS.-
1347 3026 1715 3085 -praepostero
1746 3011 1834 3066 die

815 3114 974 3168 quam
1006 3113 1124 3149 suo.
1153 3094 1373 3165 Frigora
1403 3093 1561 3146 etiam
1604 3094 1832 3160 obsunt,

817 3187 876 3228 ut
896 3174 1153 3239 diximus,
1185 3201 1206 3221 ι
1242 3192 1437 3245 nempe
1466 3192 1583 3244 cap.
1610 3172 1710 3234 35,
1736 3173 1831 3226 ubi

815 3254 883 3307 de
911 3256 1185 3327 putatione
1231 3254 1524 3311 vinearum.
1575 3251 1681 3307 sed
1718 3253 1831 3306 fru-

816 3347 917 3387 stra
939 3353 956 3390 z
979 3354 1102 3387 nam
1129 3347 1184 3388 et
1211 3346 1467 3404 prosunt,
1515 3344 1579 3385 ut
1626 3331 1832 3386 dictum

814 3424 894 3466 est
921 3432 1040 3485 cap.
1067 3434 1125 3477 2,
1148 3413 1244 3486 qui
1263 3414 1412 3467 locus
1433 3432 1462 3465 a
1483 3412 1661 3466 Plinio
1688 3432 1831 3466 nunc

812 3504 1097 3562 spectatur.
1131 3494 1315 3548 Henn-

898 3578 952 3634 4.
975 3572 1148 3643 Itaque
1166 3592 1257 3643 per
1275 3574 1462 3624 hiemes.
1479 3570 1637 3625 Hunc
1649 3572 1831 3625 locum

813 3649 982 3705 codex
1001 3670 1138 3704 unus
1157 3651 1410 3723 MSS.‚sic
1433 3651 1647 3705 exhibet
1668 3669 1683 3704 τ
1712 3654 1830 3705 «lta

813 3748 911 3801 per
922 3730 1123 3784 hiemes
1143 3731 1257 3784 caeli
1274 3731 1505 3802 rigorem
1523 3732 1830 3801 probamus.

811 3811 935 3865 Non
953 3810 1126 3863 solum
1139 3812 1279 3864 enim
1294 3809 1785 3874 infirmissimae,etc.
1798 3834 1820 3857 ι

811 3890 916 3945 Sed
960 3889 1354 3963 adstipulantur
1399 3890 1579 3943 caeteri
1602 3889 1828 3961 vulgatis

809 3971 879 4025 ad
899 3972 1044 4025 hunc
1070 3969 1213 4025 diem
1236 3970 1418 4023 libris:
1449 3982 1503 4023 et
1531 3981 1691 4023 reete.
1732 3970 1827 4023 Est

809 4052 952 4105 enim
1004 4052 1116 4106 hoc
1175 4050 1324 4105 istius
1367 4050 1472 4103 loci
1521 4048 1778 4103 sententia
1804 4069 1820 4107 t

806 4131 906 4184 soli
926 4171 945 4196 ,
973 4130 1078 4201 hoe
1103 4145 1208 4197 est,
1235 4144 1388 4184 terre
1420 4129 1552 4182 vitio
1586 4128 1825 4196 evenire,

1928 2375 2163 2446 rigorem
2188 2387 2431 2446 optamus
2449 2377 2747 2444 etprobam
2754 2395 2823 2428 us
2834 2397 2853 2430 t
2870 2377 2955 2428 soli

1925 2454 2117 2508 vitium
2174 2473 2267 2507 seu
2312 2455 2477 2525 frigus
2526 2454 2955 2526 improbandum

1928 2530 2393 2605 damnandumque
2422 2547 2518 2587 est.
2552 2533 2669 2588 Nee
2700 2554 2841 2589 vero
2880 2537 2955 2589 in-

1926 2612 2241 2667 firmissima
2266 2614 2499 2668 arbores.
2524 2612 2711 2668 Hnnn.

2008 2694 2060 2747 5.
2100 2696 2350 2746 Pervenit-e
2369 2694 2551 2746 humor.
2584 2694 2691 2747 Seu
2717 2694 2957 2747 medulla

1922 2771 2016 2826 ina
2033 2773 2207 2826 vitalis
2221 2812 2237 2838 ,
2256 2792 2373 2845 qna
2396 2774 2468 2825 ab
2488 2771 2669 2826 radice
2694 2776 2875 2846 serpit
2896 2776 2957 2826 ad

1924 2870 2205 2918 cacumen,
2261 2854 2465 2923 totique
2520 2854 2705 2906 arbori
2746 2855 2957 2924 prebet

1922 2932 2249 2985 alimentum.
2282 2930 2464 2983 Hane.

2002 3014 2055 3066 6.
2087 3012 2331 3065 Arborum
2356 3010 2565 3083 quidam.
2587 3012 2951 3083 Theophras.

1920 3092 1960 3143 l.
1992 3109 2039 3145 e.
2066 3094 2190 3153 Ταῖς
2214 3088 2274 3145 δὲ
2296 3093 2499 3162 ἡμέραις
2521 3092 2599 3152 ι’ςὶ
2618 3092 2779 3145 πλείω
2812 3095 2955 3149 von?-

1922 3190 2085 3242 ματα..
2110 3170 2215 3223 Καὶ
2240 3170 2308 3223 τὰ
2335 3172 2419 3239 μὶν
2440 3202 2457 3230 ,
2495 3172 2663 3243 ὥσπερ
2688 3173 2846 3225 κοινὰ
2862 3177 2954 3225 πᾶ-

1920 3272 1995 3303 σιν
2038 3251 2071 3309 ἢ
2115 3254 2216 3312 τοῖς
2254 3251 2470 3311 antiq-otc
2494 3258 2506 3270 ”
2536 3250 2607 3303 τὰ
2634 3247 2693 3304 δὲ
2718 3246 2845 3305 ἴδια
2874 3253 2955 3305 καὶ

1920 3329 2053 3385 κατὰ
2075 3333 2189 3401 γίνῃ
2222 3330 2376 3383 κοινοί.
2416 3346 2440 3373 «
2478 3330 2713 3385 Urbanis
2732 3333 2957 3385 arbori-

1918 3412 2021 3463 bus
2062 3408 2238 3463 morbi
2286 3410 2469 3481 plures
2517 3412 2781 3464 eveniunt
2814 3431 2831 3463 :
2868 3412 2953 3465 alii

1919 3489 2170 3543 omnibus
2182 3490 2330 3561 quasi
2348 3506 2665 3544 communes
2680 3531 2696 3553 ,
2717 3504 2823 3544 ant
2841 3492 2959 3563 plu·

1918 3570 2067 3622 ribus
2091 3588 2107 3623 ε
2137 3569 2228 3622 alii
2252 3569 2481 3639 privati,
2508 3586 2610 3641 per
2636 3588 2843 3641 gener·
2872 3591 2955 3624 ar·

1918 3650 2133 3702 borum.
2158 3674 2179 3696 ι
2196 3692 2199 3695 .
2216 3647 2303 3701 sic
2332 3662 2387 3701 et
2432 3647 2503 3701 de
2544 3651 2703 3703 Ceus.
2740 3649 2853 3704 lib.
2882 3653 2951 3716 V,

1918 3748 2034 3800 cap.
2060 3746 2116 3797 9,
2140 3746 2259 3799 pag.
2285 3728 2395 3792 334
2413 3766 2430 3793 ,
2448 3746 2561 3799 seq.
2581 3728 2772 3783 ffinn.

1998 3828 2051 3877 7.
2090 3808 2394 3874 Communis,
2442 3821 2543 3861 etc.
2598 3808 2837 3861 Morbus
2860 3811 2953 3864 hic

1915 3888 2241 3959 tergeminus
2256 3880 2533 3959 Theopbr.
2552 3887 2695 3941 nist.
2725 3888 2829 3942 lib.
2848 3890 2937 3941 1v
2938 3930 2955 3955 ‚

1913 3986 2031 4040 cap.
2064 3970 2211 4035 16,et
2226 3966 2291 4020 de
2304 3968 2463 4022 Caus.
2484 3968 2581 4020 lib.
2594 3968 2668 4033 V,
2692 3987 2819 4039 cap.
2850 3986 2949 4022 ro:

1913 4047 2225 4109 σκωλήκωσις
2270 4047 2641 4100 vermiculatio
2664 4082 2683 4110 ‚
2736 4047 2955 4117 ἀεροδο-

1913 4130 2061 4185 &noia
2106 4126 2355 4181 sideratio
2372 4168 2389 4193 ,
2420 4129 2756 4199 σφ’ωιιλισμὸς
2786 4127 2953 4181 dolor
