3150 5150
1086 665 1398 732 LIBER
1448 665 1605 730 XX.

2277 663 2412 760 597

272 799 508 866 ruerit.
568 796 780 867 Incidi
815 797 1052 890 jubent
1105 797 1227 866 sub
1288 782 1538 891 capite⁶
1575 811 1642 866 et
1685 796 1947 892 calyce:
2009 823 2130 876 nec
2174 802 2242 867 in
2287 798 2416 868 alio

276 927 529 996 genere
572 906 789 997 ipsum
852 901 1167 972 inciditur
1206 917 1423 998 caput.
1472 905 1728 972 Succus
1771 918 1836 972 et
1877 905 2030 990 hic,
2084 921 2152 974 et
2194 905 2415 976 herbae
2455 943 2482 976 2

276 1009 760 1103 cujuscumque
814 1007 962 1076 lana
1003 1010 1373 1104 excipitur:
1416 1025 1532 1077 aut
1578 1011 1627 1079 si
1679 1010 1953 1106 exiguus
2001 1025 2134 1097 est,
2194 1037 2416 1106 ungue

278 1112 577 1209 pollicis,
619 1113 732 1184 ut⁷
778 1113 1089 1200 lactucis,
1130 1129 1199 1184 et
1236 1129 1504 1210 postero
1548 1114 1654 1184 die
1694 1118 1904 1211 magis
1939 1117 2118 1210 quod
2151 1119 2414 1186 inaruit.

278 1207 671 1315 Papaveris⁸
714 1247 873 1290 vero
914 1220 1135 1315 largus
1166 1220 1513 1308 densatur,
1554 1235 1622 1290 et
1661 1224 1730 1291 in
1767 1221 2064 1317 pastillos
2105 1224 2300 1293 tritus
2347 1226 2416 1292 in

282 1328 522 1396 umbra
552 1329 877 1414 siccatur,
910 1352 1043 1396 non
1076 1329 1140 1396 vi
1163 1327 1523 1422 soporifera
1565 1327 1824 1414 modo⁹,
1860 1353 2093 1398 verum
2124 1331 2176 1398 si
2204 1331 2418 1424 copio-

273 1435 416 1501 sior
442 1433 809 1518 hauriatur,
836 1435 1033 1502 etiam
1070 1434 1405 1502 mortifera
1424 1432 1473 1457 ¹⁰
1502 1460 1624 1529 per
1648 1459 1917 1505 somnos
1951 1461 1966 1502 :
1997 1438 2202 1531 opion
2220 1435 2263 1459 ¹¹
2303 1461 2414 1504 vo-

278 1554 458 1608 cant.
496 1541 603 1609 Sic
644 1541 887 1609 scimus
927 1541 1394 1634 interemptum
1438 1542 1507 1608 P.
1541 1542 1783 1609 Licinii
1811 1543 2090 1611 Caecinae
2122 1545 2415 1611 Praetorii
2458 1555 2486 1605 3

275 1646 409 1713 viri
447 1660 703 1740 patrem
753 1647 821 1714 in
862 1646 1176 1740 Hispania
1212 1645 1513 1729 'Bavili¹²‚
1557 1673 1760 1742 quum
1809 1646 2118 1716 valetudo
2163 1651 2420 1744 impati-

277 1843 401 1895 vius
445 1851 765 1894 contestatur
784 1879 800 1905 ,
839 1841 960 1892 hora
1006 1844 1161 1892 sereni
1208 1841 1306 1893 diei

276 1926 427 1974 tertia
447 1940 469 1973 .·
494 1921 541 1974 si
578 1921 811 1991 probatae
850 1919 1140 1973 admodum
1175 1919 1303 1974 fidei

274 2001 477 2054 forent.
507 1999 825 2054 Certe.hora
859 1998 965 2068 diei
988 2000 1170 2063 tertia,
1199 2001 1305 2054 hoc

274 2094 358 2135 est
380 2121 397 2142 ‚
428 2079 611 2134 medio
644 2080 782 2131 inter
812 2079 937 2132 solis
970 2092 1211 2132 exortum
1250 2092 1303 2133 et

274 2158 558 2214 meridiem
578 2158 858 2229 intervallo
870 2197 885 2222 ,
907 2178 995 2212 ros
1011 2159 1301 2212 inarescere

272 2241 441 2302 solet,
486 2252 742 2310 astusque
793 2238 1029 2310 incipere
1070 2257 1084 2290 ε
1140 2257 1305 2308 quare

272 2309 594 2383 Columella,
626 2319 721 2375 xl,
755 2337 809 2382 ω,
834 2318 890 2370 in
918 2319 1161 2389 Augusto
1188 2337 1301 2370 mo-

270 2412 399 2462 net,
437 2424 461 2444 ·
483 2397 861 2469 Quascumque
896 2398 1105 2461 vineas,
1140 2410 1239 2450 etc.
1272 2423 1294 2444 ι

274 2469 413 2547 (vid.
446 2468 607 2548 sup.).
646 2477 856 2530 Sextum
896 2477 1110 2542 horam,
1146 2478 1304 2530 meri-

272 2557 420 2611 diem
459 2557 684 2629 intelligi
729 2568 960 2627 oportet.
1001 2558 1183 2610 Huni.

362 2642 415 2690 6.
443 2638 547 2691 Sub
566 2640 738 2707 capite.
768 2637 1005 2689 Dioscor.
1032 2637 1135 2690 loc.
1160 2638 1303 2691 citat.

270 2708 553 2779 όιτὶζοντας
580 2713 641 2770 δὲ
664 2712 744 2770 dni
760 2716 891 2784 μιτὰ
909 2720 965 2769 τὸ
984 2718 1074 2776 τὰς
1101 2712 1305 2787 δρόσους

271 2798 667 2869 ἀναμασθῆναι,
708 2800 1011 2867 stipi-(pipam
1059 2797 1303 2867 μαχαιρίῳ

270 2879 357 2930 τὸν
392 2878 684 2948 herpinum,
736 2878 799 2937 ὣς
841 2878 909 2947 μὴ
953 2878 1018 2936 εἰς
1063 2878 1129 2929 τὰ
1170 2878 1303 2937 ἐντὸς

270 2952 545 3027 &carp-fleat
583 2975 596 2987 ·
630 2956 713 3009 καὶ
746 2960 801 3008 ἐκ
838 2956 1061 3026 πλαγίων
1110 2950 1170 3007 δὲ
1210 2960 1301 3019 τῆς

269 3034 465 3097 aco-iia<
493 3034 575 3089 ἐπ’
599 3037 779 3097 ebo-{23
806 3036 1050 3105 ἰκτέμνειν
1068 3035 1301 3099 ἐξιπιπο·

267 3121 397 3180 λῆς,
447 3128 551 3169 etc.
600 3141 622 3163 ι
648 3118 717 3167 At
759 3116 871 3185 opii
902 3114 1129 3167 faciendi
1166 3114 1302 3167 ratio

268 3196 391 3249 haec
442 3208 520 3247 est
572 3214 589 3250 a
636 3195 817 3260 Quum
867 3214 954 3247 ros
1005 3193 1267 3249 exeruerit
1285 3232 1302 3258 ,

266 3275 537 3328 stellulam
566 3280 685 3345 q‘uae
714 3274 769 3326 in
796 3292 1003 3327 summo
1032 3273 1304 3345 papaveris

266 3355 449 3426 capite
471 3356 680 3420 visitur,
694 3354 913 3407 cultello
928 3354 998 3407 ita
1012 3353 1302 3406 scarificare

268 3446 523 3505 oportet,
548 3446 607 3487 ut
633 3452 701 3487 ne
722 3434 934 3504 penitus
960 3433 1101 3485 intro
1128 3432 1302 3502 adiga-

272 3528 365 3567 tur
386 3532 401 3567 ε
426 3527 480 3565 et
498 3533 528 3566 a
554 3514 741 3585 capitis
765 3513 1018 3566 lateribus
1042 3531 1137 3583 per
1157 3510 1300 3565 dire-

268 3606 421 3647 ctum
466 3612 726 3648 summam
758 3605 933 3646 cutem
976 3590 1245 3654 incidere,
1271 3618 1294 3639 ι

270 3686 325 3726 et
368 3685 739 3744 erumpentem
791 3672 1077 3742 lacrymam
1136 3670 1303 3742 digito

271 3752 555 3823 excipere,
581 3764 681 3806 etc.
709 3752 889 3804 Ham).

354 3851 416 3903 7.
450 3833 522 3885 Ut
540 3833 737 3885 lactucis
751 3870 766 3895 ,
793 3844 841 3901 et
855 3844 1049 3902 postero
1074 3831 1151 3883 die
1171 3850 1301 3899 mag.

270 3912 409 3981 quod
422 3914 622 3964 inae-uit.
646 3910 905 3973 Perinde,
926 3910 1132 3981 iuquit,
1162 3922 1222 3964 ut
1250 3911 1304 3962 in

268 3991 497 4045 lactucis
524 3990 643 4043 fleri
674 4010 789 4043 mos
810 4004 887 4043 est
907 4029 921 4051 ‚
950 4009 1115 4061 quum
1145 4009 1207 4044 ex
1240 3990 1303 4042 iis

272 4070 457 4123 incisis
484 4088 670 4123 succus
698 4070 891 4123 lacteus
916 4069 1190 4140 excipitur.
1219 4069 1305 4122 Sic

274 4151 460 4203 Diosc.
480 4151 580 4213 IV,
595 4150 687 4213 65,
709 4146 962 4219 δακτύλῳ,
976 4149 1145 4220 digito
1164 4150 1306 4203 hunc

274 4250 497 4282 succum
518 4229 691 4300 excipi
714 4230 897 4299 jubet,
924 4242 975 4283 et
1000 4232 1050 4281 in
1076 4230 1308 4283 conchu-

278 4311 385 4362 lam
404 4308 602 4363 deinde
623 4309 867 4380 abstergi.
888 4311 1043 4362 Hunc
1063 4308 1204 4362 idem
1224 4307 1313 4361 nd·

1386 1842 1501 1913 jicit
1534 1861 1695 1896 succo
1742 1843 1993 1897 silvestris
2029 1844 2245 1898 lactuca
2273 1863 2419 1917 -saepe

1390 1920 1698 1975 adulterari.
1722 1921 1903 1977 Ham).

1472 2005 1525 2056 8.
1546 2003 1827 2072 Papaveris.
1856 2001 1980 2056 Haec
2007 2003 2206 2072 pariter
2235 2005 2414 2058 Diosc.

1389 2080 1491 2134 loc.
1516 2081 1610 2134 cit.
1637 2081 1820 2135 Hun-

1472 2159 1880 2232 9.Visopor1‘fera
1891 2161 2046 2212 modo.
2063 2162 2320 2232 Virgilius
2339 2163 2416 2214 lv

1392 2239 1647 2292 AEneidos
1667 2260 1680 2293 τ
1702 2263 1723 2284 ·
1751 2239 2102 2312 Hesperidum
2124 2243 2307 2312 templi
2329 2259 2421 2294 cu-

1390 2332 1522 2383 stos,
1543 2322 1828 2392 epulasque
1841 2319 2061 2373 draconi
2085 2320 2220 2385 Quae
2243 2319 2418 2386 dabat,

1392 2411 1447 2451 et
1470 2418 1644 2452 sacros
1669 2401 1906 2453 servabat
1933 2400 1990 2452 in
2013 2401 2204 2452 arbore
2227 2419 2420 2468 ramos,

1390 2478 1654 2550 Spar-gens
1691 2477 1913 2532 humida
1958 2479 2113 2532 mella
2158 2482 2418 2551 soporife-

1393 2578 1619 2631 rumque
1643 2578 1887 2631 pupaver.
1909 2586 1930 2607 ι
1962 2557 2112 2613 Idem
2135 2559 2232 2625 VI,
2252 2580 2419 2631 quum

1392 2638 1494 2699 ait,
1532 2666 1554 2688 ι
1586 2640 1748 2692 Melle
1775 2652 2078 2709 soporatam
2107 2652 2160 2691 et
2188 2640 2420 2695 medica·

1393 2719 1459 2771 tis
1513 2720 1754 2789 frugibus
1805 2718 1968 2771 offam
1991 2758 2006 2783 ,
2044 2745 2066 2767 ι
2137 2718 2420 2774 medicatas

1392 2798 1569 2869 fruges
1585 2816 1847 2870 papavere
1859 2798 2098 2851 conditas
2106 2798 2420 2853 intellexisse

1394 2877 1619 2932 videtur.
1641 2878 1910 2931 Victorius
1926 2918 1942 2941 ,
1964 2879 2066 2940 IV,
2086 2897 2132 2930 c.
2163 2880 2218 2931 3.
2240 2882 2376 2933 Du..

1480 2977 1501 3011 t
1514 2980 1567 3011 o.
1607 2958 1864 3023 :Hor-lisera
1896 2977 1988 3027 pee-
2027 2976 2241 3008 somnum
2275 2966 2418 3027 opion

1390 3050 1586 3089 vocant.
1611 3038 1764 3089 Voss.
1788 3035 1896 3087 duo
1920 3048 1972 3087 et
1998 3033 2143 3089 Gud.
2166 3056 2258 3105 per
2290 3058 2415 3089 som-

1390 3136 1501 3167 num
1522 3120 1689 3186 sopioez
1711 3127 1891 3167 vocant
1915 3134 1935 3167 .·
1961 3127 2022 3167 ut
2043 3128 2096 3167 et
2126 3114 2290 3168 Acad.
2313 3118 2416 3170 nisi

1389 3194 1534 3265 quod
1555 3199 1704 3263 sopio.
1722 3191 2069 3247 scribendum
2091 3212 2152 3246 ex
2173 3195 2412 3265 optimo:

1392 3298 1413 3317 ‹-
1437 3276 1708 3329 mortifera
1732 3292 1828 3344 per
1850 3292 2064 3331 somnos
2081 3292 2093 3326 :
2113 3274 2300 3343 opium
2325 3296 2420 3329 vo-

1388 3368 1527 3408 cant.
1557 3382 1580 3404 ι-
1614 3354 1816 3434 Giton.-

1478 3453 1499 3487 1
1519 3454 1540 3487 1
1553 3473 1566 3487 .
1591 3434 1773 3503 Opion.
1793 3438 1972 3499 Οπιον,
1989 3450 2174 3485 succus
2195 3434 2414 3497 lacteus,

1428 3513 1481 3566 ui
1524 3512 1800 3584 papaveris
1831 3530 1986 3582 scapo
2023 3512 2189 3565 inciso
2226 3527 2416 3567 maniat.

1390 3532 1526 3653 goebg
1568 3610 1784 3645 succum
1824 3592 2051 3644 lacteum
2095 3605 2244 3645 sonat
2265 3633 2280 3657 ,
2321 3594 2417 3665 qui

1390 3692 1501 3725 non
1532 3684 1748 3743 sponte,
1774 3683 1833 3723 ut
1860 3672 2090 3744 lacryma
2108 3711 2123 3735 ,
2147 3672 2203 3725 id
2230 3684 2330 3737 eSt,
2361 3678 2416 3725 τὸ

1391 3749 1602 3824 δάκρυον
1644 3765 1853 3804 einanat
1877 3790 1892 3815 ,
1937 3750 2030 3803 sed
2072 3753 2418 3820 castratione,

1392 3832 1792 3893 scarificatione,
1813 3830 2186 3895 terebratione,
2206 3832 2290 3883 vel
2315 3834 2420 3885 alio

1395 3912 1584 3984 quovis
1631 3911 1854 3964 vulnere
1894 3910 2080 3962 effluit.
2125 3910 2312 3962 ΒΑΜ).
2341 3944 2418 3954 --

1392 3995 1472 4044 De
1501 3992 1628 4061 opio
1658 3987 1780 4043 vide
1811 3992 2106 4043 Excursum
2135 3988 2201 4041 nd
2223 3992 2418 4043 calcem

1392 4072 1552 4141 hujus
1581 4068 1726 4122 libri.
1754 4070 1859 4121 Eo.

1483 4168 1504 4201 1
1520 4170 1569 4201 2.
1601 4151 1659 4200 In
1680 4148 1920 4217 Hispania
1935 4148 2114 4200 Racili.
2126 4148 2230 4199 Vel
2253 4148 2426 4217 Bajula'

1399 4230 1575 4299 potius
1619 4246 1630 4279 τ
1678 4241 1734 4279 ut
1775 4245 1966 4278 nomen
2001 4223 2055 4277 id
2092 4227 2422 4297 magistratus

1401 4309 1612 4372 fuerit,
1637 4324 1793 4377 quem
1835 4324 1933 4359 nos
1965 4306 2137 4373 huillus
2157 4326 2420 4373 vocamus,

1974 4400 2105 4483 38³
