3150 5150
890 501 1195 585 LIBER
1254 519 1552 587 xv111.
2147 519 2282 615 3227

278 656 333 722 L
333 652 577 719 xxlx.
622 652 927 721 Proxima
969 652 1102 721 sint
1150 650 1299 744 jure
1350 650 1523 721 lunae
1572 652 1909 746 praesagia.
1961 652 2286 741 Quartam
2331 687 2352 719 ι

190 756 358 829 eam¹
400 757 682 825 maxime
734 756 1046 826 observat
1083 758 1425 851 AEgyptus.
1484 758 1552 827 Si
1609 756 2001 889 splendens²
2061 772 2292 829 exorta

190 890 388 1000 puro
374 864 590 933 nitore
626 861 849 951 fulsit,
890 863 1349 933 serenitatem:
1378 864 1435 933 si
1462 848 1900 948 rubicundaffi
1922 878 2194 935 ventos:
2235 867 2290 935 si

188 956 388 1065 nigra⁴
390 1022 411 1055 ‚
442 967 701 1065 pluvias
730 916 1129 1064 portendere
1162 969 1590 1040 creditu1.1n
1610 971 1841 1065 quinta
1875 995 2128 1041 cornua
2149 972 2207 1064 ej
2215 996 2292 1041 us

185 1078 431 1161 obtusa,
470 1074 811 1171 pluviam.
854 1090 1073 1146 erecta
1100 1089 1169 1146 et
1204 1075 1444 1147 infesta
1477 1090 1716 1147 ventos
1749 1101 2012 1172 semper
2053 1076 2292 1172 signifi-

186 1198 357 1253 cant:
388 1196 625 1278 quarta
668 1197 891 1255 tamen
931 1183 1237 1251 maxime.
1287 1184 1520 1253 Cornu
1564 1183 1708 1276 ejus
1757 1182 2293 1279 septemtrionale

182 1290 611 1359 acuminatum
656 1304 857 1385 atque
892 1288 1216 1385 rigidum,
1252 1287 1438 1359 illum
1474 1290 1787 1385 praesagit
1822 1304 2158 1367 ventum:
2203 1292 2297 1359 in·

184 1396 365 1465 serius
382 1448 403 1483 ,
454 1399 828 1466 Austrum·
879 1410 1161 1526 utraque
1202 1410 1426 1480 recta,
1481 1410 1746 1467 noctem
1800 1409 2164 1467 ventosam.
2223 1398 2300 1467 si·

182 1516 467 1596 quartam
509 1501 689 1573 orbis
730 1486 1005 1573 rutilus⁵
1045 1503 1285 1597 cingit,
1322 1515 1557 1573 ventos
1608 1516 1678 1572 et
1717 1502 1966 1573 imbres
2009 1526 2293 1622 praemo-

182 1609 364 1677 nebit.
415 1607 620 1703 Apud
647 1611 1031 1701 {Varronem
1078 1610 1170 1679 ita
1212 1622 1370 1679 est.
1416 1610 1488 1678 Si
1526 1622 1766 1703 quarto
1809 1607 1919 1679 die
1968 1607 2126 1678 luna
2167 1608 2292 1679 erit
2330 1638 2358 1671 2

182 1714 451 1803 directa,
484 1738 793 1809 magnam
834 1728 1297 1810 tempestatem
1342 1715 1411 1784 in
1446 1716 1616 1785 mari
1657 1716 2033 1811 praesagiet‚
2069 1716 2196 1785 nisi
2236 1716 2292 1784 si

180 1846 481 1891 coronam
512 1824 691 1891 circa
718 1846 789 1893 se
804 1822 1099 1909 habebit,
1116 1834 1185 1891 et
1214 1845 1359 1891 eam
1406 1823 1730 1895 sinceram
1766 1846 1782 1891 ι
1827 1823 2138 1917 quoniam
2179 1820 2294 1891 illo

182 1927 361 1997 modo
402 1952 543 1997 non
588 1943 743 2000 ante
788 1926 1053 2024 plenam
1099 1926 1326 1998 lunam
1372 1928 1822 1999 hiematurum
1859 1927 2165 1998 ostendit.
2224 1927 2294 1998 Si

178 2033 524 2127 plenilunio
560 2060 685 2130 per
737 2034 1077 2105 dimidium
1118 2057 1289 2129 pura
1326 2036 1452 2103 erit
1472 2089 1493 2121 ‚
1540 2035 1681 2104 dies
1725 2059 1994 2105 serenos
2035 2033 2294 2129 signifi·

178 2140 337 2209 cabit
372 2165 389 2208 ι
440 2142 501 2211 si
544 2140 745 2211 rutila
764 2196 783 2229 ,
830 2155 1065 2211 ventos
1104 2168 1119 2209 :
1164 2142 1543 2237 nigrescens
1562 2196 1584 2230 ‚
1633 2141 1898 2211 imbres.
1959 2142 2027 2210 Si
2083 2139 2296 2235 caligo
2333 2157 2362 2204 3

174 2247 339 2316 orbis
372 2248 627 2317 nubem
660 2247 1035 2336 incluserit,
1064 2262 1296 2318 ventos
1315 2272 1495 2343 ‚qua
1524 2272 1596 2317 se
1625 2248 1918 2342 ruperit:
1957 2248 2012 2317 si
2052 2248 2296 2342 gemini

175 2354 357 2425 orbes
394 2355 762 2438 cinxerint‚
794 2355 1113 2448 majorem
1150 2368 1632 2449 tempestatem.
1675 2356 1766 2424 Et
1790 2353 2000 2449 magis
2017 2402 2038 2438 ,
2073 2354 2128 2423 si
2163 2367 2298 2423 tres

172 2485 237 2529 ei
238 2475 392 2549 unt
421 2476 544 2531 aut
578 2462 787 2557 nigri.
812 2462 1166 2555 interrupti
1200 2475 1398 2555 atque
1428 2460 1744 2531 distracti.
1776 2462 2074 2531 Nascens
2109 2457 2299 2543 luna,

170 2568 219 2636 si
272 2554 531 2639 cornu⁶
586 2569 926 2664 superiore
978 2568 1214 2639 obatro
1270 2582 1497 2664 surget
1514 2621 1535 2656 ‚
1593 2566 1854 2664 pluvias
1909 2566 2297 2641 decrescens

169 2674 385 2743 dabit.
418 2677 479 2746 si
512 2676 823 2746 inferiore
836 2717 863 2764 ‚2
882 2689 1037 2745 ante
1071 2673 1553 2769 plenilunium.
1589 2676 1646 2746 si
1679 2675 1750 2744 in
1789 2674 2008 2744 media
2035 2674 2298 2769 nigritia

170 2779 267 2850 illa
294 2781 540 2870 fuerit,
572 2783 897 2852 imbrem
878 2807 949 2853 in
978 2779 1362 2876 plenilunio.
1386 2782 1455 2852 si
1492 2781 1692 2876 plena
1719 2782 1896 2852 circa
1927 2805 1998 2850 se
2023 2780 2302 2856 habebit

236 2963 496 3018 LXXIX.
536 2984 585 3018 ι.
617 2965 857 3034 Quartam
887 2984 993 3017 eam
1026 2968 1181 3019 maxi·
1352 2973 1408 3030 4.
1434 2964 1495 3019 Sa·
1518 2963 1836 3035 nege-avim.
1866 2963 2129 3033 Georga.
2153 2969 2299 3032 427:

164 3063 257 3106 me,
296 3057 403 3100 ete.
440 3043 587 3098 Vide
628 3043 845 3098 Festum
884 3043 1186 3111 Ανὶοιιιιιιι,
1279 3069 1302 3094 ι
1334 3046 1487 3098 Luna
1526 3055 1850 3098 revertentes
1877 3061 2044 3115 quum
2064 3041 2301 3114 primum

166 3143 211 3175 v.
240 3123 521 3196 13⁵·174·
550 3124 731 3178 Han.
1272 3124 1477 3196 colligit
1504 3124 1650 3195 ignee
1669 3161 1686 3190 ,
1729 3123 1786 3177 si
1812 3123 2024 3194 nigrum
2069 3121 2298 3174 obscuro

238 3222 291 3256 a.
318 3203 383 3256 Sa·
408 3205 679 3276 splendeas.
708 3204 863 3277 Virg.
890 3204 1089 3277 Georg.
1121 3205 1151 3256 1
1166 3247 1183 3270 ‚
1274 3202 1673 3276 comprenderit
1711 3221 1834 3256 aera
1883 3219 2051 3254 cornu
2072 3240 2089 3266 ,
2128 3199 2302 3254 Maxi·

160 3301 289 3336 vers.
324 3283 439 3346 432
474 3301 492 3338 ι
534 3311 557 3333 ι
588 3285 681 3338 Sin
707 3297 831 3339 ortu
854 3285 913 3338 in
956 3297 1149 3357 quarto
1166 3321 1183 3344 .
1272 3301 1393 3336 mne
1410 3283 1658 3356 agricolis
1687 3281 1984 3354 pelagoque
2024 3279 2301 3352 pmbitm·

156 3380 391 3435 namque
410 3365 463 3418 ie
476 3363 798 3419 certissimus
814 3378 1033 3430 auctor,
1048 3365 1187 3418 Pura
1271 3363 1464 3416 imber.
1484 3389 1506 3410 ι
1534 3362 1716 3416 Hm.

156 3460 249 3496 nec
291 3442 510 3498 obtusis
562 3463 660 3515 per
699 3445 889 3498 cetum
935 3443 1187 3498 cornibus
1356 3442 1407 3497 5.
1433 3442 1495 3495 Su·
1517 3454 1738 3516 quartam
1765 3441 1895 3494 orbis
1925 3439 2118 3493 rutilus.
2147 3439 2300 3512 Vin-g.

154 3519 281 3589 ibit,
305 3523 493 3577 Totus
521 3537 574 3576 et
597 3524 689 3578 ille
716 3524 855 3582 dies.
882 3537 940 3578 et
967 3525 1063 3597 qui
1090 3543 1187 3578 nu·
1278 3547 1304 3571 ·
1322 3523 1418 3578 siu
1442 3535 1565 3577 ortu
1593 3533 1783 3594 quarto
1801 3560 1819 3588 ,
1845 3538 2075 3592 namque
2105 3520 2153 3573 is
2185 3539 2303 3574 cer-

151 3615 367 3656 scentur
390 3603 467 3656 ab
496 3603 622 3670 ino,
652 3605 909 3658 Enetum
936 3601 1004 3657 nd
1043 3622 1189 3658 men·
1272 3603 1504 3658 tissimus
1553 3615 1759 3656 auctor.
1786 3626 1810 3650 ι
1846 3600 2048 3655 Aratus
2083 3601 2300 3654 tertium

152 3699 293 3747 sem,
316 3682 511 3753 pluvia
546 3684 821 3756 ventisque
850 3683 1179 3739 cumbunt.-
1276 3701 1427 3755 aque
1456 3701 1518 3737 ec
1542 3695 1792 3755 quartum
1819 3693 2024 3754 spectet
2045 3698 2216 3753 usque
2232 3679 2301 3734 ad

147 3720 331 3816 Hunis.
1273 3758 1557 3834 διχόμηνον.
1583 3761 2007 3835 Theophrastus,
2033 3757 2310 3832 τιτράδας,·

229 3841 285 3896 3.
318 3841 387 3896 Si
406 3843 693 3898 ubieunda.
721 3843 914 3916 virgil.
938 3843 1184 3915 Georgic.
1272 3838 1529 3916 ὁγδοαὶδας
1548 3881 1565 3908 ,
1609 3842 1694 3898 καὶ
1749 3841 2099 3900 πανσελήνους.
2142 3838 2301 3892 Brod.

146 3919 205 3982 1,
230 3940 277 3975 v.
317 3921 482 3985 430:
522 3921 639 3978 -Αι
662 3924 707 3978 si
735 3923 1035 3995 virgineum
1076 3919 1188 3978 suf·
1274 3923 1371 3978 lib.
1402 3923 1519 3988 ΙΙΙ,
1550 3941 1670 3995 cap.
1710 3923 1796 3976 13.
1825 3923 2026 3976 Duae.

142 3999 357 4054 fuderit
386 4021 489 4058 ore
512 4004 762 4058 ruborem
775 4042 793 4070 ,
813 4004 1025 4058 Ventus
1047 4003 1185 4057 erit:
1356 4006 1407 4055 6.
1428 4001 1488 4056 Sa·
1513 4023 1680 4058 cornu.
1701 4042 1715 4057 .
1733 4042 1744 4054 .
1763 4041 1778 4058 .
1797 4041 1812 4055 .
1831 4001 2016 4054 abuero.
2038 3997 2190 4051 MSS.
2217 3998 2305 4049 ob-

148 4093 312 4133 vento
334 4099 555 4156 semper
573 4084 729 4138 rubet
746 4103 905 4138 aurea
929 4083 1180 4138 Phoebe..
1276 4095 1455 4136 aerum.
1488 4081 1674 4136 Eun.
1709 4109 1791 4126 --
1836 4079 2108 4134 Broterius
2127 4115 2146 4144 ‚
2185 4078 2302 4132 oba·

143 4159 332 4217 Ham).
1283 4173 1425 4214 emto.
1458 4163 1561 4216 Eu.
