3150 5150
699 765 716 786 ‘
825 769 1131 864 quamvis
1183 769 1442 838 urinam
1491 783 1799 856 moveat,
1850 768 2095 838 docet:
2152 769 2311 838 item
2356 751 2643 837 Veneri⁶

832 627 972 704 550
1360 635 1438 702 C.
1493 630 1827 704 PLlNll
1876 635 2087 705 NAT.
2134 635 2395 704 HIST.

2662 791 2681 834 t
2728 767 2963 835 vesicae

823 897 1150 1006 quoque,
1149 875 1272 944 nisi
1315 871 1716 944 decoctum.
1762 897 1908 970 quae
1938 873 2141 970 aqua⁷
2179 877 2233 945 si
2275 874 2551 944 canibus
2588 871 2823 956 detur,
2866 899 2963 942 oc

821 979 955 1050 cidi
995 965 1169 1052 eos⁸.
1203 979 1284 1050 In
1319 978 1516 1050 vino⁹
1559 979 1852 1053 decoctae
1892 981 2132 1052 radicis
2165 1004 2471 1069 succum,
2512 981 2568 1050 si
2594 1004 2713 1050 ore
2738 981 2961 1049 conti-

819 1101 1084 1174 neatur,
1117 1085 1426 1158 dentibus
1465 1085 1739 1159 mederi.

931 1193 1180 1264 XLIV.
1227 1183 1623 1290 (11.)Apio¹
1676 1197 1885 1290 gratia
1916 1196 1984 1264 in
2018 1192 2253 1290 vulgo'
2286 1209 2406 1264 est.
2448 1196 2760 1288 Namque
2800 1193 2962 1260 rami

822 1301 1026 1396 largis
1075 1299 1489 1396 portionibus
1545 1323 1669 1397 per
1716 1302 1869 1396 jura
1920 1302 2251 1388 innatant,
2308 1315 2377 1371 et
2406 1302 2478 1370 in
2520 1299 2963 1370 condimentis

821 1404 1225 1504 peculiarem
1261 1409 1540 1502 gratiam
1582 1407 1849 1478 habent.
1886 1393 2248 1479 Praeterea³
2280 1406 2491 1478 oculis
2526 1404 2763 1475 illitum
2808 1427 2959 1472 cum

821 1511 1058 1600 melle,
1095 1514 1188 1582 ita
1229 1526 1306 1582 ut
1347 1515 1631 1585 subinde
1678 1514 2030 1585 foveantur
2082 1514 2363 1586 ferventi
2404 1539 2605 1584 succo
2658 1511 2959 1594 decocti,

821 1619 1096 1716 aliisque
1137 1619 1589 1690 membrorum
1628 1622 1964 1717 epiphoris
2004 1649 2019 1691 ε
2062 1645 2182 1716 per
2221 1645 2293 1690 se
2334 1622 2561 1690 tritum
2582 1673 2602 1705 ‚
2640 1633 2763 1687 aut
2808 1643 2957 1688 cum

821 1751 1028 1824 pane,
1057 1723 1163 1795 vel
1195 1722 1460 1846 polenta
1489 1728 1908 1850 impositum,
1940 1728 2109 1798 mire
2144 1725 2512 1797 auxiliatur.
2542 1728 2767 1796 Pisces
2796 1747 2956 1820 quo·

822 1858 952 1929 que
997 1833 1052 1903 si
1080 1846 1405 1928 angrotent
1431 1835 1496 1902 in
1531 1835 1834 1930 piscinis,
1860 1837 2012 1931 apio
2050 1834 2248 1905 viridi
2276 1848 2680 1903 recreantur.
2704 1835 2959 1902 Verum

820 1939 1002 2060 apud
1037 1939 1334 2010 eruditos
1363 1964 1500 2009 non
1536 1939 1717 2012 aliud
1743 1956 2003 2011 erutum
2044 1955 2224 2012 terra
2254 1943 2327 2011 in
2362 1927 2645 2034 majore⁴
2686 1953 2956 2009 senten·

821 2047 1062 2116 tiarum
1099 2048 1418 2116 varietate
1458 2062 1575 2119 est.
1620 2049 2069 2144 Distinguitur
2102 2069 2283 2118 sexu.
2312 2049 2726 2143 Chrysippus
2770 2045 2959 2114 femi-

903 2283 958 2334 6.
984 2279 1106 2332 Item
1146 2279 1343 2332 Veneri·
1373 2277 1737 2351 Chrysippum
1768 2297 1849 2331 se-

823 2373 1022 2430 quutus
1049 2357 1355 2412 Dioscorid.
1385 2359 1490 2412 loc.
1517 2359 1662 2412 citat.
1694 2355 1851 2410 docet

821 2437 1102 2492 decoctum
1115 2437 1311 2492 radicis
1331 2438 1564 2512 asparagi
1584 2439 1851 2503 haustum,

821 2521 976 2572 ποιεῖν
999 2517 1189 2572 ἀτόκων
1209 2520 1294 2572 καὶ
1314 2521 1504 2590 ἄγονον,
1523 2529 1739 2591 partum
1758 2517 1851 2569 im-

823 2596 1011 2671 pedire
1041 2618 1102 2651 ac
1129 2598 1452 2653 sterilitatem
1479 2598 1751 2652 inducere.
1780 2596 1846 2653 Η.

905 2696 962 2747 7.
995 2678 1122 2747 Quoe
1141 2698 1286 2749 aqua.
1311 2678 1380 2729 Et
1401 2676 1511 2731 hoc
1530 2698 1595 2731 ex
1620 2676 1849 2730 aliorum

821 2757 1080 2811 sententia
1103 2756 1265 2810 refert
1285 2757 1463 2810 Dione.
1491 2757 1595 2810 loc.
1622 2756 1711 2810 cit.
1738 2756 1810 2809 Η.

905 2841 961 2895 8.
989 2836 1166 2891 Occide·
1185 2858 1281 2889 eos.
1309 2836 1646 2889 Dioscorides
1664 2834 1717 2889 id
1740 2848 1850 2889 tan·

823 2930 936 2973 tum
957 2916 1096 2971 fama
1117 2910 1506 2987 hominumque
1515 2914 1849 2969 sermonibus

823 2996 1096 3071 vulgatum
1121 2996 1210 3051 ait.
1251 2998 1451 3049 Duae.

907 3098 962 3149 9.
991 3077 1050 3131 In
1071 3079 1206 3131 vino.
1227 3076 1396 3129 Marc.
1423 3074 1583 3147 Emp.
1605 3096 1723 3146 cap.
1744 3094 1843 3129 ιιι.

825 3158 1121 3231 Apuleius,
1165 3176 1278 3231 cap.
1317 3176 1552 3221 LxxXIV,
1594 3157 1675 3211 tit.
1713 3178 1741 3209 α
1784 3157 1855 3208 ad

823 3240 1036 3293 dentium
1059 3238 1268 3291 dolorem
1297 3258 1316 3289 .-
1346 3260 1365 3280 ι
1383 3236 1579 3290 Herbae
1612 3237 1847 3307 asparagi

823 3338 1044 3373 succum
1067 3320 1122 3373 in
1149 3338 1242 3373 ore
1269 3328 1484 3388 oportet
1514 3316 1839 3369 continere.-

824 3398 963 3453 Ptin.
987 3394 1106 3449 val.
1134 3396 1231 3452 lib.
1257 3394 1318 3461 Ι,
1345 3414 1390 3447 c.
1422 3396 1495 3449 36
1517 3415 1530 3447 t
1552 3394 1845 3467 «Asparagi

823 3476 1050 3531 silvatici
1069 3474 1300 3529 radicem
1331 3475 1386 3527 in
1407 3476 1534 3528 vino
1551 3474 1844 3547 decoquesz

825 3576 890 3609 ex
919 3560 1022 3608 hoc
1060 3555 1116 3607 in
1143 3575 1238 3611 ore
1267 3556 1538 3608 contineas
1563 3573 1576 3606 t
1604 3553 1843 3610 dolorem

823 3630 970 3689 sedat
993 3654 1006 3687 :
1031 3652 1320 3707 succusque
1350 3636 1464 3705 ejus
1487 3632 1729 3687 similiter
1769 3634 1845 3689 fa-

823 3714 916 3768 cit.
937 3740 960 3762 ι
1002 3712 1157 3767 Adde
1184 3713 1267 3765 his
1293 3712 1591 3765 Dioscorid.
1623 3713 1728 3767 loc.
1752 3714 1845 3767 cit.

823 3805 878 3849 et
907 3793 1096 3847 Galen.
1125 3787 1194 3845 de
1225 3790 1346 3844 Fac.
1369 3792 1547 3865 simpl.
1571 3791 1715 3847 med.
1738 3794 1848 3859 VI,

821 3894 878 3945 p.
910 3877 1036 3928 ¹60.
1067 3872 1252 3925 Ham).

899 3952 1098 4006 XLIV.
1131 3970 1178 4004 ι.
1213 3952 1362 4023 Apio.
1393 3951 1629 4005 Sativum
1651 3952 1847 4006 intelli·

819 4036 920 4108 3it‚
950 4034 1062 4087 sive
1094 4032 1341 4086 hortense
1369 4052 1383 4085 :
1412 4033 1572 4103 vulgo
1610 4034 1845 4086 Per-silum

821 4110 1019 4167 dicitur
1060 4110 1265 4183 (Apium
1299 4110 1657 4185 petroselinum)
1691 4132 1704 4167 :
1748 4116 1845 4167 etsi

819 4193 972 4246 aliter
1030 4194 1224 4248 sentire
1289 4194 1526 4267 intelligo
1582 4195 1844 4249 Aloisium

818 4273 1151 4342 Anguillara,
1180 4288 1310 4345 μανι.
1343 4294 1398 4345 7,
1427 4296 1477 4347 p.
1507 4295 1528 4329 r
1548 4295 1633 4329 τι.
1660 4274 1840 4328 Hun.

2022 2295 2072 2332 a.
2105 2275 2287 2332 Gracia
2318 2281 2367 2329 in
2394 2279 2562 2347 vulgo.
2588 2277 2679 2330 Sic
2704 2293 2776 2330 ex
2806 2277 2957 2332 MSS.

1936 2355 2146 2410 emend.
2166 2352 2329 2411 Hard.
2344 2363 2512 2428 gratia
2522 2357 2677 2427 vulgo
2698 2369 2775 2408 est
2788 2357 2955 2411 Gran.

1936 2449 1991 2490 et
2016 2437 2102 2490 Al.
2129 2437 2234 2490 En.

2018 2515 2070 2570 3.
2109 2517 2371 2570 Proeterea.
2416 2515 2709 2569 Oculorum
2752 2515 2959 2568 inflam-

1936 2598 2283 2664 mationibus,
2310 2600 2427 2669 πρὸς
2459 2598 2713 2668 ὀφθαλμῶν
2744 2604 2957 2668 φλεγμ-

1933 2676 2054 2744 νὰς,
2080 2678 2259 2750 inquit
2297 2675 2633 2731 Dioscorides
2652 2716 2669 2741 ,
2708 2678 2809 2731 lib.
2848 2680 2956 2738 ΠΙ.

1933 2776 2048 2829 cap.
2079 2776 2109 2829 7
2123 2766 2173 2821 4.
2200 2756 2500 2811 Oculorum
2522 2756 2807 2829 epiphoris
2822 2750 2957 2829 {qna

1934 2836 2093 2913 ῙξΙίηἰί
2117 2838 2219 2891 hoc
2243 2838 2364 2891 loco
2391 2855 2539 2890 mens
2558 2849 2663 2901 est,
2694 2856 2871 2909 quum
2892 2858 2957 2890 εει

1936 2925 2129 2989 quatur
2154 2918 2327 2970 statim
2344 2956 2361 2983 ,
2399 2944 2422 2965 ι
2443 2916 2665 2987 aliisque
2694 2920 2959 2971 membro-

1934 3016 2055 3049 rum
2082 2996 2355 3069 epiphoris
2381 3022 2404 3045 ι
2424 2994 2477 3061 ),
2502 2996 2659 3067 Apul.
2682 3017 2731 3050 c.
2750 3016 2929 3051 ‹nn-¹11
2946 3038 2958 3059 ,

1936 3078 2014 3130 tit.
2043 3095 2066 3130 1
2096 3076 2167 3129 ad
2182 3078 2433 3149 epiphoras
2452 3076 2697 3129 oculorum
2713 3100 2731 3130 .·
2746 3102 2765 3119 -
2782 3076 2954 3130 Hes-lu

1932 3157 2057 3227 apio
2096 3158 2217 3210 trita
2253 3156 2391 3210 bene
2443 3176 2563 3209 cum
2606 3176 2748 3227 pane
2786 3158 2951 3214 molli,

1932 3236 2073 3289 oculi
2118 3248 2363 3308 tegantur
2402 3256 2415 3289 :
2450 3235 2673 3289 mirifice
2726 3254 2900 3290 sanat.
2930 3266 2947 3283 ·

1932 3314 2130 3368 Eadem
2158 3316 2319 3369 habet
2338 3316 2612 3369 Plin.val.
2634 3314 2670 3367 l.
2701 3318 2760 3381 1,
2784 3335 2835 3369 c.
2876 3328 2949 3381 14.

1932 3392 2115 3448 Oculis
2144 3396 2503 3457 tumentibus‚
2526 3395 2611 3447 vel
2636 3394 2951 3453 dolentibus.

1929 3475 2109 3546 apium
2150 3476 2354 3547 imponi
2393 3495 2513 3528 cum
2540 3475 2677 3529 lacte
2723 3477 2954 3529 mulieris

1932 3554 2171 3609 Marcell.
2194 3556 2355 3627 Emp.
2380 3555 2554 3627 jubet,
2590 3572 2715 3624 cap.
2754 3576 2831 3609 xx.
2858 3558 2951 3609 Th.

1931 3634 2099 3690 Prisc.
2138 3636 2233 3688 lib.
2270 3636 2330 3700 1,
2368 3654 2488 3707 cap.
2526 3655 2595 3689 ιο
2625 3636 2690 3686 de
2720 3638 2953 3687 oculor-ast

1932 3720 2089 3769 causis
2112 3734 2131 3768 :
2154 3740 2174 3759 ι
2191 3716 2260 3769 Et
2292 3734 2472 3769 caseus
2498 3734 2683 3769 recens
2699 3754 2717 3780 ,
2750 3716 2921 3787 inquit
2935 3752 2950 3775 ,

1912 3804 2054 3850 'cum
2082 3796 2322 3867 apiorum
2352 3795 2493 3847 foliis
2516 3796 2766 3849 contritis
2786 3796 2949 3867 impo-

1934 3876 2094 3943 situs,
2121 3894 2261 3948 saepe
2281 3874 2463 3928 oculos
2486 3876 2739 3929 liberavit
2763 3896 2776 3926 τ
2803 3888 2853 3929 et
2872 3896 2949 3946 pa·

1932 3956 2015 4009 uis
2048 3955 2276 4009 mundus
2316 3955 2443 4007 vino
2466 3956 2707 4020 infusus,
2742 3968 2794 4007 et
2833 3974 2944 4008 cum

1932 4036 2050 4089 oleo
2086 4056 2239 4089 roseo
2282 4035 2468 4102 trituS,
2496 4055 2595 4107 par
2632 4035 2943 4089 heneficium

1931 4116 2189 4187 praestitit.
2218 4142 2240 4162 n
2279 4112 2464 4167 Hinn.

2016 4202 2065 4257 4·
2110 4196 2172 4249 In
2212 4198 2419 4265 majore,
2462 4208 2568 4250 etc.
2596 4194 2825 4249 Naxium
2848 4194 2941 4254 sit,

1932 4294 1998 4329 an
2028 4274 2318 4328 innoxium.
2350 4276 2486 4329 Du..
