3150 5150
809 425 954 495 116
1325 427 1404 494 C.
1459 425 1797 493 PLINII
1853 423 2074 492 NA·'.1
2132 423 2395 492 HIST.

797 546 1272 618 adminiculum
1313 571 1454 616 esse
1497 547 1753 616 debet·
1799 573 1883 615 ne
1928 561 2145 616 tamen
2192 545 2736 641 impedimentum
2780 571 2907 615 sen·

799 657 918 724 tiat
951 652 1400 748 ablaqueatio,
1439 653 1665 723 cubito
1690 639 1987 722 abesse³⁹
2014 679 2147 722 non
2184 652 2515 748 amplius:
2550 650 2914 746 ablaqueari

800 775 1019 830 autem
1066 763 1286 898 priuS,
1327 784 1526 854 quam
1564 761 1828 854 putari,
1865 759 2121 853 jubent.

701 887 766 950 34
909 855 1114 936 Cato⁴
1119 865 1143 889 ⁰
1185 866 1268 935 de
1312 868 1494 934 omni
1529 863 1788 934 cultura
1824 868 2057 935 vitium
2104 867 2193 934 ita
2235 865 2553 960 praecipit.
2578 866 2805 953 Quam
2840 863 2921 932 al-

808 974 1120 1042 tissimam
1152 974 1412 1040 vineam
1444 973 1675 1058 facito,
1708 970 2104 1067 alligatoque
2126 985 2340 1058 recte,
2363 971 2520 1040 dum
2550 995 2636 1040 ne
2658 971 2923 1039 nimium

807 1080 1218 1172 constringas
1242 1131 1260 1164 ‚
1288 1078 1420 1148 hoc
1447 1078 1649 1147 modo
1688 1102 1831 1146 eam
1874 1093 2104 1148 curato
2134 1104 2149 1145 τ
2190 1077 2410 1172 capita
2434 1077 2671 1146 vitium
2708 1089 2927 1171 putata

808 1184 1315 1268 circumfodit0‚
1341 1209 1545 1253 -arare
1586 1185 1875 1286 incipito.
1919 1183 2117 1252 Ultro
2170 1186 2469 1277 citroque
2518 1180 2739 1252 sulcos
2795 1207 2927 1278 per·

809 1306 1044 1386 petuos
1079 1290 1328 1360 ducito
1355 1292 1540 1360 Vites
1570 1304 1831 1360 teneras
1868 1291 2360 1408 quamprimum
2397 1303 2809 1385 propagato,
2830 1312 2929 1358 ve·

813 1413 984 1468 teres
1018 1420 1216 1491 quam
1257 1397 1605 1465 minimum
1639 1410 1949 1466 castrato.
1993 1397 2255 1483 Potius,
2294 1397 2349 1466 si
2388 1419 2557 1490 opus
2586 1396 2718 1463 erit
2734 1393 2931 1486 ‚deji-

815 1505 988 1589 cito‚
1039 1502 1438 1596 biennioque
1469 1515 1623 1598 post
1648 1502 2004 1597 praecidito.
2032 1450 2255 1572 Viteni
2294 1499 2626 1571 novellam
2664 1503 2931 1570 resecari

817 1623 960 1678 tum
1014 1611 1140 1678 erit
1189 1623 1450 1703 tempus
1472 1661 1490 1692 ‚
1535 1609 1649 1676 ubi
1702 1607 1961 1714 valebit.
2012 1609 2081 1678 Si
2117 1609 2311 1677 vinea
2362 1608 2449 1677 ab
2504 1609 2638 1676 vite
2693 1606 2937 1676 calvata

718 1731 782 1781 35
821 1699 1006 1784 erit⁴¹
1011 1769 1032 1802 ‚
1075 1712 1292 1784 sulcos
1320 1716 1760 1850 interponito,
1796 1715 2019 1809 ibique
2051 1714 2476 1783 viviradicem
2512 1715 2737 1782 serito.
2784 1715 2935 1781 Um-

824 1821 1012 1890 bram
1041 1845 1082 1890 a
1109 1807 1368 1890 sulcis⁴²
1399 1835 1775 1909 removet03
1810 1821 2189 1958 crebroque
2213 1819 2443 1890 fodito.
2476 1823 2557 1889 In
2597 1821 2799 1888 vinea
2831 1845 2938 1886 ve-

825 1941 964 1996 tere
995 1928 1195 1996 serito
1225 1915 1572 2045 ocymum⁴
1575 1912 1718 1996 ³.Si
1748 1950 1970 1996 macra
1994 1914 2161 1995 erit⁴
2166 1913 2211 2010 4,
2246 1926 2505 2020 quod„
2466 1950 2751 1994 uranum
2778 1928 2942 2020 capit

829 2057 911 2102 ne
947 2035 1188 2102 serito:
1230 2047 1298 2101 et
1337 2034 1587 2103 circum
1630 2034 1849 2127 capita
1891 2033 2115 2102 addito
2149 2047 2431 2118 stercus,
2473 2029 2735 2125 paleas»,
2774 2035 2943 2101 vina-

832 2163 980 2208 ceas
999 2193 1018 2228 ,
1062 2153 1178 2207 aut
1229 2137 1471 2233 aliquid
1513 2139 1855 2208 horumce.
1894 2138 2031 2208 Ubi
2070 2140 2263 2207 vinea
2301 2137 2611 2207 frondere
2648 2140 2948 2233 eoeperit,

833 2379 1188 2449 conpluviata
1211 2379 1583 2450 cognominata
1605 2392 1717 2432 est:
1754 2380 1857 2432 Co·
1948 2399 2017 2450 ²9
2036 2416 2050 2437 ‚
2080 2379 2203 2432 vitis
2226 2376 2495 2432 calvitium
2517 2377 2674 2431 dixit.
2704 2377 2845 2430 Item
2868 2376 2952 2428 lib.

837 2458 1065 2512 lumellae
1110 2459 1147 2510 l.
1193 2476 1239 2510 c.
1274 2455 1534 2529 quadrato
1563 2459 1715 2530 quasi
1754 2460 1856 2512 eir-
1943 2460 2045 2523 IV,
2080 2476 2195 2529 cap.
2229 2456 2300 2511 33
2326 2476 2343 2514 ι
2373 2481 2396 2504 ιι
2436 2458 2665 2528 Propter
2704 2475 2851 2528 (με,
2888 2457 2957 2508 in·

843 2537 1180 2593 cumfirmata
1203 2537 1435 2608 agmine.
1461 2537 1518 2589 V
1514 2541 1625 2608 igne
1642 2541 1673 2590 ὰ
1692 2551 1861 2611 quaere
1946 2537 2090 2611 quit,
2124 2555 2265 2610 sape
2280 2536 2489 2591 novella
2506 2550 2777 2591 castaneta
2796 2537 2958 2589 calve-

839 2630 1026 2690 pentes.
1051 2617 1268 2669 Frustra
1283 2630 1408 2671 sunt
1419 2618 1512 2689 qui
1533 2619 1863 2673 brachiatam
1946 2631 2129 2683 scunt,
2163 2645 2184 2666 ι-
2219 2619 2324 2671 hoc
2346 2630 2455 2681 est,
2482 2629 2857 2682 rarescunt,et
2870 2618 2959 2669 mi-

847 2697 1158 2751 Columellae
1179 2696 1341 2749 vitem
1370 2698 1475 2749 huc
1515 2710 1707 2767 putant
1742 2700 1867 2753 atti·
1946 2717 2049 2751 nus
2075 2697 2371 2769 frequentia
2398 2711 2452 2751 et
2476 2696 2637 2751 densa
2660 2710 2807 2749 sunt.
2838 2696 2905 2749 Η.

849 2795 1006 2834 nere,
1032 2774 1101 2829 de
1121 2794 1226 2847 que
1251 2777 1342 2829 ille
1359 2777 1454 2829 lib.
1474 2778 1547 2840 V,
1575 2797 1692 2849 cap.
1721 2777 1770 2831 5.
1795 2779 1864 2830 Η.
2034 2783 2129 2839 43.
2162 2778 2389 2830 Umbram
2420 2798 2453 2829 a
2492 2778 2655 2829 sulcis.
2699 2778 2843 2830 Sunt
2862 2778 2961 2829 hee

933 2857 1022 2925 39.
1051 2855 1231 2908 Cubita
1269 2856 1446 2908 abesse.
1477 2856 1671 2909 Pedale
1704 2854 1867 2911 modo
1950 2858 2237 2911 etiamnum
2262 2856 2406 2929 apud
2430 2858 2707 2912 Catonem.
2738 2857 2961 2909 Herbam

853 2936 1146 2989 Columella
1213 2936 1548 2989 intervallum
1606 2936 1833 3008 assignat
1853 2976 1869 3003 ,
1954 2948 2152 2989 temere
2188 2938 2400 3008 reponit
2454 2936 2831 3007 Delscampius
2880 2952 2965 3006 pro

849 3016 951 3069 lib.
965 3014 1066 3079 IV,
1085 3034 1199 3085 cap.
1233 3030 1255 3067 t
1268 3020 1301 3069 6
1325 3036 1340 3068 t
1373 3041 1395 3064 ιι
1425 3016 1603 3085 Prope
1620 3028 1868 3069 truncum
1954 3016 2163 3069 umbra.
2182 3018 2228 3069 A
2251 3016 2409 3069 sulcis
2424 3056 2440 3082 ,
2464 3016 2571 3069 hoc
2588 3030 2669 3069 est
2684 3052 2703 3077 ‚
2720 3014 2965 3077 &vitibus

857 3097 900 3147 si
923 3093 1172 3165 defigitur
1195 3095 1376 3164 palus,
1393 3092 1572 3165 pedali
1600 3096 1771 3166 spatio
1791 3115 1873 3149 re-
1954 3114 2072 3167 quae
2098 3109 2227 3148 sunt
2256 3096 2311 3147 in
2334 3096 2507 3149 sulcis.
2534 3092 2722 3147 Ham.

857 3172 1152 3228 cedendum
1179 3186 1288 3237 est,
1311 3192 1380 3227 ne
1405 3187 1496 3227 aut
1517 3189 1753 3245 premat,
1782 3188 1873 3229 aut
2040 3174 2132 3238 43.
2162 3176 2321 3227 Serico
2350 3194 2583 3239 comum.
2612 3172 2891 3227 Broterius
2914 3190 2966 3223 ex

859 3252 1090 3306 redicem
1123 3254 1387 3320 vulneret,
1415 3266 1470 3307 et
1503 3266 1563 3307 ut
1602 3256 1773 3308 fossor
1805 3257 1875 3308 ab
1956 3254 2109 3307 MSS.
2140 3257 2303 3327 Regg.
2338 3268 2391 3308 et
2418 3253 2654 3308 editione
2692 3252 2967 3325 principe·

861 3332 1010 3385 omni
1029 3345 1180 3403 parte
1207 3334 1404 3387 semina
1431 3333 1817 3388 circumfodiat.
1844 3360 1865 3381 ι
1958 3338 2143 3386 ocinum
2162 3374 2177 3403 ,
2201 3336 2268 3387 du
2282 3336 2525 3405 soum-age
2538 3371 2557 3399 ,
2587 3346 2647 3386 ut
2679 3352 2811 3385 mox
2848 3332 2967 3384 infra

862 3408 1042 3464 ΗΑιι).
1959 3411 2182 3468 dicetur.
2212 3416 2316 3469 En.

945 3496 1037 3553 4ο.
1065 3490 1207 3544 Cato.
1235 3494 1314 3545 De
1338 3494 1417 3545 Re
1434 3494 1585 3547 Rust.
1605 3514 1653 3547 c.
1674 3512 1877 3559 xxxnt,
2044 3500 2137 3558 44.
2182 3494 2242 3547 δί
2284 3514 2445 3547 macra
2488 3495 2595 3545 erit.
2644 3494 2787 3546 Cato
2817 3511 2835 3547 ι
2882 3516 2903 3537 ι
2926 3488 2969 3541 si

863 3568 1010 3640 quod
1031 3583 1192 3641 caput
1222 3571 1387 3624 ferme
1417 3572 1681 3643 integrum
1706 3574 1877 3626 simile
1960 3592 2139 3627 macra
2166 3574 2301 3639 erit,
2335 3570 2480 3645 quod
2512 3590 2745 3643 granum
2776 3570 2973 3641 capiat,

861 3649 989 3702 huic
1013 3649 1130 3704 loco
1153 3650 1315 3703 Plinii
1339 3662 1433 3703 est.
1465 3649 1648 3704 nnn.
1962 3672 2033 3706 ne
2056 3652 2259 3706 serito»
2306 3673 2320 3705 ε
2374 3654 2477 3706 hoc
2508 3664 2619 3719 est,
2664 3652 2710 3704 si
2754 3652 2879 3703 vitis
2906 3660 2975 3699 est

943 3736 1038 3793 4¹.
1074 3729 1282 3781 Calvam
1323 3733 1434 3781 erit.
1475 3730 1689 3785 calvata
1724 3731 1877 3785 vinea
1962 3732 2211 3798 macrior,
2241 3752 2311 3786 ne
2348 3734 2516 3787 vineae
2564 3735 2849 3785 interseras
2887 3726 2979 3788 id,

860 3809 1184 3881 appellatur,
1226 3808 1283 3860 in
1315 3827 1418 3880 qua
1457 3828 1587 3865 rarte
1626 3811 1755 3864 vites
1784 3830 1876 3865 seu
1964 3811 2111 3884 quod
2152 3812 2209 3865 in
2255 3813 2459 3884 frugem
2497 3824 2551 3864 et
2589 3828 2821 3883 granum
2858 3807 2974 3861 solet

861 3888 1035 3941 trunci
1061 3900 1220 3943 sunt:
1245 3900 1306 3941 ut
1347 3890 1484 3941 calvi
1518 3889 1761 3944 homines
1791 3890 1875 3943 ‹li-
1964 3904 2352 3947 maturescere:
2381 3892 2478 3945 sed
2494 3890 2755 3963 pabulum
2773 3890 2859 3941 vel
2880 3886 2972 3939 far-

857 3982 1082 4033 cuntur,
1104 3968 1300 4040 quibus
1320 3969 1407 4021 vel
1441 3970 1619 4022 nullus
1646 3982 1723 4023 est
1741 4008 1756 4035 ,
1788 3971 1873 4025 vel
1961 3971 2197 4043 reginem
2216 4008 2233 4035 ,
2259 3990 2380 4044 quo
2402 3970 2592 4025 viridi·
2616 3972 2975 4025 subsecantur»

823 4120 830 4129 ι
854 4066 1008 4101 rarus
1031 4048 1266 4120 capillus.
1289 4049 1500 4102 Colum.
1525 4049 1617 4103 lib.
1638 4050 1869 4121 1V‚eap.
1960 4052 2270 4123 priusquam
2302 4052 2501 4123 spicam
2530 4052 2761 4121 capiant.
2812 4046 2877 4099 Η.
