3150 5150
996 465 1317 536 LIBER
1389 468 1551 536 XX.

2212 463 2351 564 557

187 600 481 672 bubulo.
509 601 718 672 Aiunt
737 583 764 626 ⁶
805 595 1088 670 verbera
1115 599 1428 671 subituris
1455 613 1694 695 potum
1734 623 1815 668 ex
1848 600 2005 669 vino
2042 599 2349 675 duritiam

187 707 560 803 quamdam
601 721 834 776 contra
858 729 1124 777 sensum
1149 707 1485 777 inducere.
1514 709 1595 774 ln
1619 705 2027 776 condiendis⁷
2060 707 2353 780 obsoniis

187 829 390 884 tanta
425 829 530 884 est
569 813 896 900 suavitas,
929 826 1004 882 ut
1035 815 1254 884 Graeci
1288 797 1653 884 euzomon⁸
1684 811 2181 908 appellaverint.
2218 817 2349 884 Pu-

189 937 347 991 tant
385 919 670 992 subtrita
710 944 907 990 eruca
939 921 993 989 si
1027 918 1381 990 foveantur
1408 917 1614 1005 oculi,
1656 915 2023 988 claritatem
2052 923 2348 992 restitui:

192 1030 438 1098 tussim
462 1025 490 1066 ⁹
531 1026 886 1098 infantium
931 1025 1164 1095 sedari.
1219 1025 1500 1096 Radix¹⁰
1541 1026 1684 1119 ejus
1730 1027 1798 1094 in
1859 1049 2029 1120 aqua
2074 1026 2349 1099 decocta

194 1134 418 1204 fracta
441 1157 590 1204 ossa
613 1133 920 1202 extrahit.
945 1134 1120 1202 Nam
1145 1131 1228 1202 de
1247 1130 1290 1156 ¹¹

1317 1135 1581 1202 Venere
1604 1130 2004 1202 stimulanda
2033 1132 2345 1204 diximus:

192 1243 326 1310 tria
361 1239 516 1312 folia
535 1237 581 1265 ¹²
606 1238 921 1310 silvestris
949 1263 1164 1308 erucae
1197 1239 1458 1310 sinistra
1483 1263 1685 1308 manu
1716 1237 2066 1332 decerpta,
2096 1255 2164 1310 et
2191 1242 2345 1312 trita

193 1348 268 1415 in
305 1371 482 1442 aqua
525 1344 738 1416 mulsa
777 1347 832 1416 si
863 1345 1198 1415 bibantur.
1217 1361 1238 1378 ⁴

305 1457 388 1524 L.
443 1456 501 1523 E
540 1453 874 1524 contrario
907 1453 1306 1521 nasturtium
1331 1454 1667 1522 Venerem
1696 1449 2015 1536 inhibet¹,
2045 1454 2341 1522 animum
2386 1487 2409 1520 ι

282 1641 338 1692 6.
371 1637 550 1690 Aiunt.
589 1635 726 1690 Plin.
760 1635 881 1689 Vel.
913 1636 1016 1701 lv,
1045 1637 1113 1690 13
1135 1675 1150 1702 ,
1175 1648 1231 1690 et

195 1717 438 1770 florent.
463 1717 500 1770 l.
525 1733 573 1768 c.
595 1715 782 1770 lisso.

273 1817 332 1869 7.
361 1797 422 1850 In
447 1795 739 1849 condiendis.
757 1795 1078 1848 Plin.v·l.1.
1100 1796 1226 1849 e.H.

281 1879 338 1930 8.
363 1877 634 1929 Ennomon.
652 1877 899 1945 Εὗζωμον,
918 1875 1058 1946 παρὰ
1088 1878 1145 1928 τὸ
1175 1870 1225 1928 εὖ

197 1969 254 2010 et
267 1959 424 2027 ζωμὸς
436 1993 455 2021 ,
469 1969 689 2028 propter
699 1954 1012 2010 suavitatem
1027 1992 1044 2018 ,
1066 1972 1225 2025 quam

191 2037 410 2108 juribus
485 2036 690 2107 prabet
713 2075 730 2102 ,
803 2033 954 2106 quasi
1016 2035 1226 2106 juribus

195 2129 361 2186 gratu.
395 2115 580 2168 Hsun.

279 2215 338 2265 9.
368 2197 576 2248 Tussa‘n.
603 2193 744 2246 Plin.
767 2193 888 2247 val.
908 2194 1010 2259 IV,
1039 2195 1126 2248 13.
1151 2195 1220 2249 H.

283 2295 372 2330 ιο.
403 2275 588 2327 Radix.
617 2273 760 2327 Plin.
784 2274 907 2326 Val.
932 2273 969 2326 l.
994 2291 1043 2326 c.
1067 2274 1141 2327 Η.

283 2375 308 2408 1
325 2374 374 2410 1.
407 2355 540 2409 Nam
555 2353 634 2406 de.
655 2353 776 2406 Lib.
801 2353 966 2417 xlx,
990 2361 1084 2418 44.
1111 2353 1180 2408 Η.

280 2451 373 2488 rs.
407 2435 532 2487 Tria
559 2433 712 2501 solia.
762 2433 884 2486 Non
933 2432 999 2486 ad
1033 2432 1220 2486 stimu-

194 2512 412 2569 landam
440 2516 742 2578 Venerem,
786 2512 878 2567 sed
913 2510 979 2566 ad
1011 2513 1219 2584 regium

193 2596 447 2649 morbum
507 2592 818 2667 pellendum
884 2594 1221 2647 Florentinus

191 2676 300 2731 hoc
331 2674 720 2729 medicamento
747 2673 916 2726 utitur
950 2673 1008 2725 in
1039 2673 1216 2745 Geop-

193 2756 330 2820 ΧΠ,
373 2759 448 2809 26
479 2774 493 2808 :
527 2747 704 2825 Ᾰγρίου
726 2748 788 2806 δί
821 2752 1038 2825 εὐζῶμου
1065 2755 1219 2825 φύλλα.

192 2838 272 2889 τὸν
301 2837 503 2907 ἀριθμὸν
542 2828 629 2905 γ’,
659 2839 724 2903 τῇ
756 2834 956 2904 ipit-spii
979 2837 1100 2904 χειρὶ
1129 2841 1219 2890 λη-

191 2919 410 2986 φθίντα,
437 2916 622 2985 ἴκτερον
655 2915 812 2967 ἰᾶται.
855 2914 1002 2980 Quin
1031 2926 1086 2967 et
1115 2913 1220 2967 Pli-

189 2996 314 3049 nius
349 2994 484 3049 alter
524 2994 871 3059 Valerianus,
922 2993 1018 3064 qui
1061 3012 1216 3047 suum

191 3092 333 3147 opus
361 3092 426 3127 ex
461 3074 620 3129 Plinii
669 3073 838 3126 nostri
885 3072 1060 3126 verbis
1096 3092 1224 3125 sen-0

187 3154 482 3227 tntiisque
537 3153 874 3207 concinnavit
895 3192 911 3217 ,
957 3152 1052 3206 lib.
1121 3153 1177 3205 11
1196 3193 1212 3215 ‚

190 3235 266 3304 59
281 3274 300 3299 ,
327 3232 400 3287 ad
421 3234 672 3291 morbum
693 3233 900 3303 regium
916 3230 1215 3287 sanandum

187 3314 310 3369 hnc
355 3314 517 3367 refert
547 3333 563 3366 ε
623 3314 810 3384 eapitis
858 3312 1053 3366 lemma
1102 3322 1181 3365 est
1198 3350 1216 3377 ,

193 3422 218 3443 ο
257 3394 430 3467 Regio
458 3394 650 3447 morbo
676 3390 927 3465 pellendo
951 3411 966 3446 ε
1003 3418 1025 3438 ι
1053 3404 1214 3462 atque

185 3475 334 3529 inter
385 3472 773 3527 medicamenta
825 3483 1175 3525 accensentur
1195 3510 1214 3537 ,

191 3581 216 3602 ι
240 3554 431 3607 Erucn
451 3554 722 3625 sylvestris
745 3551 845 3606 tria
862 3551 986 3604 folia
1003 3552 1211 3605 sinistra

183 3652 354 3687 manu
380 3631 624 3704 decerpta
661 3650 724 3685 ex
751 3650 889 3703 aqua
932 3631 1100 3685 mulsa
1128 3631 1212 3684 bi-

185 3715 408 3767 buntur.
434 3738 458 3761 1·
507 3713 660 3766 Nihil
695 3712 782 3765 hic
819 3730 986 3779 porro
1023 3730 1211 3764 manu-

186 3794 374 3864 scripti
393 3790 605 3847 codices
619 3794 804 3863 juvant
831 3810 844 3843 ε
871 3790 1004 3845 nihil
1025 3794 1205 3860 conje-

185 3886 340 3927 ctura
369 3892 386 3927 .·.
415 3890 720 3944 quanquam
754 3884 847 3924 aut
873 3870 1204 3925 mutilatione

183 3954 362 4025 aliqua
402 3953 690 4005 verborum
706 3991 722 4016 ,
770 3964 861 4004 aut
899 3951 1210 4021 trajectione

185 4032 462 4087 sententie
481 4032 722 4086 laborare
738 4032 881 4085 hunc
899 4031 1076 4085 locum
1095 4048 1205 4083 non

183 4112 315 4165 levis
337 4112 574 4184 suspicio
596 4124 690 4165 est.
713 4108 798 4164 Ad
817 4112 1084 4165 Venerem
1101 4130 1210 4163 non

1319 1636 1478 1702 folia,
1515 1633 1615 1690 sed
1632 1653 1812 1689 semen
1844 1637 2017 1708 ipsum
2054 1655 2227 1691 erucae
2249 1639 2341 1693 ad·

1316 1716 1465 1770 hibet
1492 1729 1681 1771 auctor
1724 1717 1847 1770 libri
1882 1716 1975 1788 qui
2011 1717 2142 1770 falso
2182 1719 2342 1774 Kira-

1315 1815 1418 1851 nus
1437 1795 1783 1860 inscribitur,
1810 1814 1928 1868 pag.
1966 1803 2057 1860 ²4·
2081 1795 2262 1854 Hiar».

1394 1874 1458 1928 L.
1488 1892 1511 1927 ι
1526 1914 1540 1927 .
1573 1876 1882 1928 Nestor-tium
1898 1877 2126 1929 Venerem
2144 1879 2341 1934 iuhibee.

1315 1953 1617 2010 Dioscoridi
1658 1957 1905 2010 nasturtii
1946 1975 2123 2010 semen
2170 1979 2339 2013 συνου·

1314 2035 1425 2088 σίαν
1458 2039 1709 2106 παρορμᾷ.
1736 2037 2015 2090 Cassianus
2037 2037 2094 2088 in
2123 2037 2340 2110 Geopo·

1314 2115 1480 2178 nicis,
1507 2116 1603 2168 lib.
1632 2115 1767 2180 XII,
1791 2134 1905 2187 cap.
1951 2135 2049 2186 27,
2080 2114 2337 2190 κάρδαμον

1312 2195 1428 2265 φησί
1462 2190 1759 2267 ἀφροδισίων
1789 2196 2161 2267 loturae-iupus
2199 2193 2343 2264 εἶναι,

1311 2274 1445 2328 sieut
1477 2287 1531 2328 et
1569 2274 1791 2328 Plinius.
1844 2271 2119 2346 Κάρὸαμον
2170 2276 2341 2333 Greci

1310 2367 1503 2408 vocant
1526 2356 1625 2408 ἀπὸ
1658 2361 1746 2415 τῆς
1771 2350 1983 2426 »apelia
2000 2395 2017 2421 ‚
2050 2356 2197 2427 quod
2220 2376 2341 2412 cor·

1307 2431 1460 2496 datos
1498 2445 1554 2486 et
1606 2432 1896 2504 prudentes
1942 2435 2116 2491 faciat.
2170 2439 2342 2492 Aiunt

1309 2513 1452 2566 enim
1478 2515 1589 2577 τοὺς
1618 2513 1865 2577 §coion-:ae
1896 2510 2155 2587 κάρδαμον
2173 2518 2337 2583 deuri-

1308 2613 1414 2665 ρους
1446 2596 1536 2652 τήν
1572 2590 1795 2649 διάνοιαν
1833 2595 2071 2666 γίνισθαι.
2111 2597 2339 2668 Sputum

1308 2686 1362 2726 et
1389 2674 1600 2728 urinam
1622 2674 1870 2727 inhibere
1902 2675 2067 2728 iidem
2093 2677 2338 2743 tradunt,

1307 2753 1379 2806 ob
1407 2752 1639 2807 validam
1670 2752 1902 2809 siccandi
1926 2755 2035 2808 vim
2060 2775 2075 2810 ε
2104 2755 2334 2830 ideoque

1307 2831 1478 2887 Persis
1510 2834 1568 2886 in
1592 2853 1711 2909 ⁸usn
1755 2835 2019 2907 frequenti
2053 2854 2197 2901 esse,
2241 2840 2335 2909 qui

1305 2914 1501 2968 meiere
1518 2952 1534 2977 ,
1559 2932 1770 2985 spuere,
1779 2916 1993 2987 emungi
2013 2934 2191 2969 coram
2217 2916 2335 2971 aliis

1308 2992 1673 3065 turpissimum
1717 3006 1923 3064 putant.
1965 2993 2333 3065 Rhodiginus,

1304 3071 1400 3125 lib.
1446 3073 1667 3137 xxvl,
1718 3092 1837 3143 cap.
1876 3079 1968 3136 ²4.
1994 3073 2137 3129 Vide
2175 3093 2333 3146 supra

1306 3151 1400 3205 lib.
1430 3152 1599 3217 xlx,
1636 3171 1751 3224 cap.
1786 3153 1836 3205 8.
1869 3154 2054 3225 ltaque
2083 3156 2326 3208 Ammia-

1303 3249 1404 3283 nus
1433 3230 1773 3286 Marcellinus
1798 3232 2016 3298 scribit,
2054 3234 2332 3289 Persarum

1301 3308 1558 3364 cadavera
1608 3312 1683 3365 ob
1735 3312 1907 3365 victus
1951 3314 2331 3384 parsimoniam

1300 3387 1582 3443 durescere
1626 3390 1867 3462 stipitum
1910 3412 2091 3458 more,
2137 3412 2237 3449 nee
2276 3396 2331 3448 iu

1301 3469 1498 3523 saniem
1530 3470 1760 3541 liquari,
1807 3485 1985 3527 nostra
2029 3492 2157 3525 vero
2204 3492 2329 3529 mox

1301 3568 1430 3603 caesa
1463 3550 1758 3616 tabescere,
1800 3570 1861 3604 ae
1900 3565 2205 3623 putrescere
2226 3592 2242 3617 ,
2271 3568 2331 3607 ut

1301 3630 1499 3683 mortui
1525 3628 1725 3683 nullius
1763 3631 1923 3685 facies
1961 3645 2083 3703 post
2121 3634 2328 3703 quatri·
2436 3666 2447 3679 .

1301 3707 1468 3763 duum
1493 3723 1826 3781 agnoscatur.
1849 3712 2050 3765 Daue.
2068 3745 2149 3755 —
2174 3714 2329 3765 Vene-

1295 3810 1409 3844 rem.
1459 3790 1602 3843 Plin.
1653 3791 1776 3845 Vel.
1823 3792 1938 3856 IV,
1990 3811 2092 3856 ης
2138 3802 2328 3847 auctbr

1296 3870 1470 3942 Geop.
1519 3870 1669 3937 XII,
1723 3890 1814 3941 ²7·
1862 3874 1929 3925 At
1980 3871 2223 3925 dissentit
2258 3874 2331 3926 ab

1297 3961 1528 4021 utroque
1552 3950 1731 4005 Dioso.
1760 3952 1847 4016 ΙΙ,
1878 3952 2007 4007 185.
2026 3952 2329 4006 conciliare

1296 4030 1480 4083 ambos
1523 4030 1665 4083 inter
1705 4048 1759 4084 se
1799 4029 2219 4085 Pseudo-Macer
2255 4031 2331 4083 vi·

1297 4108 1484 4175 detur,
1528 4128 1700 4181 quum
1734 4127 1851 4163 eam
1892 4110 2003 4163 vim
2048 4109 2335 4165 inhibendi
