3150 5150
789 513 886 606 94

1277 457 1416 578 lc,
1460 507 1787 578 PL1N11
1823 506 2049 608 NAT.
2096 509 2356 578 :1115‘12

719 662 746 712 5
789 644 854 711 in
893 639 1350 712 transferendo
1387 641 1579 712 facile
1626 641 1959 735 rumpitur
2009 640 2187 734 quod
2226 641 2545 708 intortum
2583 640 2733 710 fuit.
2794 643 2921 711 Se-

787 762 1024 816 runtur
1043 744 1258 841 pedali
1279 737 1350 830 ⁸³,
1373 772 1510 816 non
1537 747 1908 832 breviores,
1936 745 2690 840 longitudi11e‚quinque
2724 771 2921 818 sexve

786 854 1135 924 nodorum.
1168 853 1516 924 pauciores
1533 844 1581 886 ²⁴
1604 854 1813 922 tribus
1852 853 2128 948 gemmis
2166 853 2237 920 in
2269 852 2399 920 hae
2430 877 2745 924 mensura
2778 879 2925 922 esse

787 985 921 1030 non
953 973 1287 1055 poterunt.
1324 945 1601 1028 Inseri²⁵
1638 960 1873 1030 eodem
1908 959 2043 1038 die,
2066 981 2200 1052 quo
2234 957 2662 1054 deputentur,
2706 959 2922 1028 utilis-

787 1068 1047 1136 simum.
1089 1067 1158 1136 Si
1195 1065 1407 1136 multo
1442 1080 1676 1161 postea
1714 1091 1979 1136 necesse
2016 1066 2100 1134 sit
2136 1089 2353 1134 serere
2388 1065 2791 1152 custoditQS,
2824 1069 2923 1136 uti

785 1161 1310 1267 praecepimus’⁶‚
1345 1174 1567 1242 caveri
1608 1165 1869 1266 utique,
1908 1195 1995 1240 ne
2030 1185 2216 1240 extra
2250 1185 2493 1242 terram
2540 1173 2741 1265 positi
2784 1171 2924 1242 sole

788 1283 1159 1348 inarescant
1178 1329 1196 1363 ,
1249 1294 1536 1349 ventove
1589 1293 1706 1348 aut
1738 1278 1987 1374 frigore
2030 1277 2443 1347 hebetentur.
2490 1279 2628 1366 Qui
2674 1279 2923 1348 diutius

784 1388 850 1454 in
889 1388 1067 1456 sicco
1111 1385 1354 1454 fuerint
1375 1437 1394 1470 ‚
1437 1386 1620 1481 prius
1662 1409 1861 1479 quam
1912 1397 2251 1471 serantur,
2293 1384 2361 1452 in
2412 1407 2581 1478 aqua
2618 1383 2922 1478 pluribus

783 1493 1013 1563 diebus
1045 1492 1466 1562 revirescant.

886 1597 1120 1668 Solum
1155 1599 1454 1692 apricum
1491 1611 1559 1666 et
1598 1621 1795 1690 quam
1829 1594 2305 1690 amplissimum
2351 1598 2419 1665 in
2438 1593 2486 1636 ²⁷
2526 1597 2921 1683 seminario,

782 1707 920 1774 sive
948 1705 1017 1773 in
1043 1705 1272 1791 vinea,
1317 1703 1585 1772 bidente
1620 1688 1994 1796 pastinari²⁸
2022 1700 2220 1771 debet
2245 1716 2469 1771 ternos
2502 1701 2709 1797 pedes
2731 1701 2783 1741 ²⁹
2824 1704 2921 1772 bi·

868 1899 958 1952 23.
995 1896 1232 1950 seruntur
1265 1895 1448 1968 pedali.
1480 1895 1808 1962 Columella,

780 1977 878 2030 lib.
904 1978 1014 2041 111,
1042 1995 1160 2048 cap.
1196 1995 1296 2046 19,
1317 1990 1370 2031 et
1394 1976 1491 2030 lib.
1512 1973 1583 2029 de
1612 1977 1805 2030 Arbor.

785 2075 902 2128 cap.
933 2056 987 2108 3.
1011 2058 1192 2110 ΗΛΜ).

867 2157 893 2188 2
906 2143 959 2200 4.
982 2137 1260 2190 pauciores.
1280 2136 1496 2190 Colum.
1517 2136 1640 2190 loeo
1656 2135 1808 2208 prius

778 2217 956 2270 allato.
988 2217 1174 2270 Ηιιιυ.

866 2299 957 2348 25.
985 2297 1156 2348 lmen-1⁰.
1187 2294 1328 2356 Seri,
1363 2295 1598 2360 conseri,
1626 2295 1803 2366 pungi.

781 2375 961 2429 Hum-

864 2459 956 2508 26.
1012 2453 1100 2507 Uei
1135 2457 1464 2525 proecepae'mus.
1511 2452 1567 2507 Si
1610 2471 1803 2525 nempe

779 2535 991 2606 longius
1010 2533 1325 2601 afferantur,
1349 2547 1409 2589 nt
1427 2532 1496 2588 de
1515 2551 1805 2606 pomorum

779 2616 994 2669 calamis
1017 2614 1220 2668 dictum
1248 2628 1324 2668 est
1351 2615 1406 2669 in
1433 2614 1541 2667 fine
1557 2633 1677 2685 cap.
1709 2620 1803 2676 ²4·

781 2696 992 2751 Colum.
1023 2694 1117 2748 lib.
1143 2696 1227 2747 111
1244 2731 1262 2759 ,
1283 2713 1399 2765 cap.
1438 2713 1506 2763 ¹9
1534 2712 1548 2745 :
1582 2720 1603 2742 ι
1630 2693 1805 2765 Super

780 2789 962 2828 catera
985 2772 1120 2827 illud
1148 2792 1394 2845 quoque,
1415 2774 1525 2827 sive
1552 2772 1805 2828 viviradi-

779 2873 917 2919 cem,
930 2854 1038 2907 sive
1060 2854 1362 2906 malleolum
1390 2854 1644 2907 serentem
1664 2872 1804 2925 prae·

780 2954 1005 2998 moneo,
1023 2952 1094 2987 ne
1125 2933 1322 2987 semina
1347 2945 1651 2987 exarescant
1664 2971 1683 2999 ‚
1700 2933 1804 2985 im-

779 3014 1052 3068 modicum
1075 3025 1292 3066 ventum
1319 3014 1592 3083 solemque
1618 3013 1802 3080 vitare,

778 3095 870 3165 qui
898 3108 1123 3164 uterque
1145 3112 1262 3146 non
1288 3092 1627 3146 incommode
1654 3112 1803 3147 arce-

779 3186 866 3227 tur
896 3176 1108 3246 objectu
1135 3172 1292 3226 vestis
1311 3212 1328 3237 .,
1364 3185 1462 3226 etc.
1484 3199 1507 3219 ι
1547 3174 1732 3227 Han.

861 3274 951 3325 ²7·
980 3255 1042 3306 In
1072 3255 1342 3306 seminario.
1373 3252 1454 3305 Ex
1476 3253 1803 3319 Columella,

751 3332 870 3403 jib.
899 3334 984 3387 111
1001 3372 1018 3399 ,
1045 3352 1161 3405 etp.
1202 3334 1269 3385 13
1295 3366 1313 3394 ,
1345 3331 1490 3387 hunc
1518 3333 1698 3387 locum
1727 3332 1803 3387 sic

777 3412 1043 3470 restituito
1058 3430 1072 3466 :
1089 3435 1111 3456 κ
1124 3414 1188 3465 In
1201 3412 1483 3467 seminario
1496 3412 1606 3466 sive
1627 3414 1803 3481 vinea,

776 3490 994 3545 bidente
1019 3504 1069 3544 et
1093 3492 1294 3562 bipalio
1327 3493 1581 3562 pastinari
1610 3491 1803 3558 debet,

775 3571 829 3623 in
857 3568 1244 3641 longitudinem
1277 3584 1458 3625 ternos
1483 3570 1676 3643 pedes,
1695 3586 1801 3627 ter·

776 3668 942 3723 reque
967 3650 1145 3722 rejici,
1167 3650 1238 3703 ita
1271 3665 1330 3705 ut
1359 3651 1414 3703 in
1441 3649 1601 3722 pedes
1646 3653 1801 3707 binos

770 3731 906 3785 fossa
957 3728 1213 3800 procedat
1260 3721 1282 3801 (
1308 3729 1396 3783 alii
1424 3768 1441 3794 ‚
1473 3722 1803 3803 descendat),

771 3824 1026 3883 quantum
1041 3810 1245 3881 patitur
1265 3809 1488 3863 latitudo
1514 3814 1802 3866 ferramen-

773 3893 832 3945 ti.
855 3917 878 3937 ·
899 3890 1164 3960 Bipalium
1192 3888 1603 3944 instrumentum
1630 3890 1699 3945 ad
1716 3894 1798 3945 fo·

770 3970 1054 4035 diendum,
1078 3969 1200 4042 pala
1223 3968 1392 4042 duplo
1407 3969 1572 4029 latius
1588 4010 1605 4037 ,
1649 3970 1793 4027 unde

769 4070 982 4105 nomen.
1011 4052 1218 4105 Duae.

853 4134 946 4186 ²8.
975 4131 1178 4185 Bidente
1192 4133 1449 4202 pastinari.
1475 4132 1789 4199 Columella,

1894 1895 1989 1950 lib.
2020 1893 2135 1962 111,
2160 1871 2310 1950 c.'18
2336 1916 2351 1952 ι
2381 1921 2403 1944 -
2428 1894 2719 1968 Quidquid
2760 1900 2925 1952 emoti

1894 1975 1991 2029 soli
2006 1976 2174 2030 vineis
2183 1979 2919 2049 praeparatur,repastinatum

1892 2070 2104 2110 vocant.
2128 2081 2151 2103 ι
2189 2055 2389 2121 Gallis,
2413 2058 2561 2108 bouer-
2582 2057 2631 2108 la
2654 2062 2824 2128 νίψω.
2842 2060 2933 2111 Bi:

1892 2133 2029 2187 dens
2048 2137 2461 2190 instrumentum
2489 2136 2773 2190 fossorium
2798 2157 2921 2208 age-

1891 2215 2039 2269 mino
2058 2214 2217 2268 dente
2232 2217 2309 2270 sic
2320 2214 2665 2288 appellatum,
2678 2237 2744 2269 uu
2766 2218 2921 2287 Ιιογαιι

1895 2296 1928 2347 ὰ
1957 2293 2084 2348 deux
2114 2295 2268 2349 denes.
2295 2295 2475 2348 Ham).

1972 2394 2062 2446 ²9·
2110 2377 2293 2428 Temos
2334 2375 2477 2446 pedes
2533 2375 2718 2444 bipalio
2780 2378 2880 2428 alto
2899 2397 2917 2430 .·

1892 2474 2085 2519 marra,
2114 2468 2217 2542 ¹5²⁰·
2248 2454 2517 2526 Bipalium
2548 2453 2789 2510 bidentis
2806 2477 2923 2528 pars

1891 2534 2064 2589 ferrea
2091 2547 2201 2601 est,
2229 2554 2337 2608 qun
2366 2548 2506 2590 terra
2546 2533 2777 2591 foditur.
2806 2537 2919 2591 Col.

1889 2615 1985 2669 lib.
2004 2617 2077 2680 V,
2103 2634 2219 2687 cap.
2240 2615 2271 2670 5
2288 2654 2307 2682 ,
2334 2643 2355 2665 ι
2369 2615 2576 2687 Bipalio
2604 2629 2805 2671 terram
2828 2636 2916 2689 pn·

1890 2694 2227 2749 stinabimus.
2252 2722 2275 2743 ι
2309 2697 2381 2749 Et
2409 2696 2504 2749 lib.
2552 2697 2668 2761 IX,
2697 2716 2817 2769 cap.
2846 2718 2873 2751 2
2899 2716 2912 2749 ε

1890 2800 1921 2849 ,ι
1944 2774 2174 2848 Ripalio,
2208 2776 2295 2829 cui
2318 2788 2397 2830 est
2430 2773 2657 2829 altitudo
2687 2776 2915 2831 duorum

1889 2853 2109 2926 pedum.
2131 2883 2154 2903 ι
2210 2882 2231 2904 ι
2259 2856 2529 2927 Bipalium
2568 2875 2683 2909 non
2712 2858 2880 2910 altum
2900 2896 2919 2922 ‚

1888 2934 2034 2989 idem
2048 2936 2261 2989 Colum.
2280 2935 2375 2989 lib.
2394 2936 2637 3007 X1‚cap.
2658 2954 2719 3005 9,
2740 2937 2915 2989 minus

1888 3031 2047 3087 quam
2074 3014 2211 3069 duos
2246 3014 2411 3089 pedes
2438 3015 2821 3071 ferramentum
2838 3054 2857 3083 ,
2884 3042 2906 3063 ι

1888 3106 2070 3161 vocat,
2096 3096 2247 3149 alcum
2269 3095 2505 3157 Plinius,
2534 3096 2623 3149 cui
2660 3096 2802 3149 terni
2824 3115 2912 3167 pe·

1890 3174 2001 3229 des.
2029 3174 2486 3241 Colum.rursum,
2504 3176 2596 3228 lib.
2620 3172 2690 3229 de
2712 3176 2912 3231 Arbor.

1889 3272 2008 3325 cap.
2041 3272 2065 3307 1
2097 3274 2112 3309 :
2140 3282 2163 3304 ι
2182 3254 2460 3327 Ejusmodi
2505 3254 2713 3327 bipalio
2718 3294 2847 3311 .....
2872 3256 2913 3307 si

1889 3329 2081 3387 eodem
2106 3336 2227 3389 loco
2242 3373 2260 3401 ‚
2281 3354 2393 3406 quo
2413 3334 2623 3387 vineam
2644 3334 2917 3389 ordinam-

1888 3432 1981 3467 rus
2025 3433 2108 3480 es,
2144 3414 2315 3469 facere
2352 3414 2497 3468 voles
2540 3414 2913 3481 seminarium,

1888 3494 2062 3561 tribus
2083 3492 2312 3565 pedibus
2332 3494 2437 3547 alte
2455 3494 2809 3565 repastinahis
2822 3498 2911 3568 ju-

1889 3592 2093 3645 gerum.
2116 3601 2139 3622 ι
2175 3576 2258 3627 De
2278 3593 2453 3628 marra
2466 3571 2609 3627 idem
2629 3574 2911 3629 columen.

1889 3654 1983 3707 lib.
2012 3656 2064 3707 X
2104 3653 2171 3708 de
2200 3655 2349 3707 cultu
2390 3655 2673 3708 hortorum
2701 3673 2716 3706 :
2744 3682 2767 3703 ι
2790 3656 2911 3707 Mox

1888 3734 2028 3787 bene
2052 3752 2175 3788 cum
2218 3733 2387 3805 glebis
2428 3733 2667 3789 vina-cem
2704 3736 2913 3806 cespitis

1888 3812 2107 3866 berham
2126 3812 2437 3867 Contundat
2450 3832 2645 3877 marra,
2663 3815 2751 3867 vel
2763 3814 2910 3867 fracti

1887 3890 2046 3947 dente
2088 3893 2309 3964 ligonis,
2336 3894 2517 3947 Putria
2566 3896 2771 3947 maturi
2809 3895 2909 3947 sol-

1888 3986 2079 4027 vantur
2108 3985 2168 4025 ut
2212 3976 2379 4027 ubera
2401 3972 2596 4045 campi.
2624 4000 2647 4021 ιι
2681 3974 2909 4038 Plinius,

1878 4052 1974 4107 lib.
1998 4053 2217 4117 XVIII,
2238 4073 2353 4126 oep.
2386 4056 2456 4115 43
2471 4093 2490 4117 ‚
2504 4053 2699 4107 marris
2720 4052 2907 4107 herbas

1878 4132 1992 4185 radi
2020 4132 2085 4187 ad
2120 4133 2289 4187 solum
2320 4132 2469 4187 dixit.
2515 4134 2694 4201 Italis,
2730 4154 2905 4187 mana.
