3150 5150
804 441 947 540 576
1346 445 1426 512 c.
1480 443 1816 514 PLmn
1863 445 2079 516 ΝΑΤ.
2133 447 2386 514 Ηιετ.

800 575 1085 648 Succus⁷
1120 575 1261 670 ejus
1306 573 1656 646 instillatus
1697 578 1968 648 naribus
2006 580 2258 674 supinis
2282 633 2324 666 ,,
2345 579 2764 675 profluvium
2805 607 2936 652 san-

800 683 1015 778 guinis
1054 683 1237 752 sistit.
1281 683 1451 752 Item
1488 683 1706 770 radix,
1741 709 1888 779 quae
1923 709 2076 755 cum
2120 687 2318 780 myrti
2355 688 2614 756 semine
2647 688 2720 756 in
2753 713 2939 783 passo

802 789 1026 884 tepido
1060 791 1467 883 gargarizata
1506 793 1764 886 anginis
1805 791 2128 860 medetur.

910 897 1123 964 Lvll.
1168 895 1563 964 Cumiuum¹
1599 895 1896 967 silvestre
1921 911 2024 966 est
2049 911 2416 993 praetenue‚
2453 901 2810 992 quaternis
2838 917 2943 969 aut

801 1003 1019 1096 quinis
1050 999 1221 1070 foliis
1250 1001 1451 1071 veluti
1484 1005 1766 1073 serratis.
1809 1003 1938 1074 Sed
1973 1017 2040 1072 et
2073 1005 2288 1072 sativo
2313 1027 2600 1098 magnus
2641 1031 2848 1092 usus,
2881 1011 2944 1076 in
3059 1079 3061 1086 ,

802 1105 1165 1178 stomachi²
1205 1110 1535 1204 praecipue
1570 1109 1892 1180 remediis.
1933 1095 2259 1179 Discutit³
2292 1112 2562 1204 pituitas
2581 1099 2634 1199 ⁴,
2663 1127 2736 1180 et
2763 1113 2940 1181 infla·
3059 1191 3061 1200 Ι

802 1199 1083 1300 tiones⁵2
1119 1215 1347 1284 tritum
1377 1229 1443 1283 et
1472 1241 1624 1285 cum
1663 1241 1834 1310 pane
1859 1231 2230 1311 sumptum,
2259 1215 2364 1284 vel
2393 1231 2630 1310 potum
2663 1219 2754 1286 ex
2779 1243 2941 1312 aqua
3059 1245 3061 1268 ¹

802 1323 1129 1415 vinoque:
1170 1307 1497 1390 tormina⁶
1538 1347 1804 1416 quoque
1847 1337 1915 1392 et
1959 1323 2418 1392 intestinorum
2477 1321 2776 1394 dolores.
2817 1328 2940 1392 Ve-

800 1441 1175 1496 rumtamen
1220 1451 1419 1496 omne
1468 1426 1828 1523 pallorem⁷
1879 1427 2257 1497 bibentibus
2303 1431 2532 1523 gignit.
2593 1434 2708 1498 Ita
2771 1446 2940 1501 certe

800 1533 1023 1603 ferunt
1065 1519 1317 1602 Porcii⁸
1350 1536 1656 1604 Latronis
1699 1533 1857 1604 clari
1895 1536 2066 1604 inter
2099 1537 2450 1630 magistros
2479 1534 2758 1604 dicendi
2777 1589 2800 1622 ‚
2848 1538 2942 1605 ad·

803 1653 1191 1725 sectatores,
1228 1638 1716 1710 similitudinem
1744 1639 1982 1711 coloris
2009 1641 2238 1710 studiis
2267 1645 2597 1710 contracti
2622 1643 2938 1712 imitatos:

804 1761 871 1816 et
908 1743 1104 1841 paulo
1143 1760 1297 1814 ante
1336 1748 1373 1815 J
1380 1745 1626 1815 ulium⁹
1651 1747 2000 1817 Vindicem
2028 1747 2432 1816 adsertorem
2463 1745 2726 1817 illum¹⁶
2753 1774 2794 1817 a
2827 1749 2941 1817 Ne

888 1952 939 2002 7.
974 1931 1169 1986 Saccus.
1212 1931 1321 1996 Qui
1355 1943 1407 1984 et
1438 1932 1650 1986 narium
1682 1951 1826 1986 mor-

804 2013 887 2066 bis
910 2010 1150 2065 medetur
1166 2049 1183 2076 ‚
1207 2012 1251 2064 si
1270 2009 1475 2064 Theod.
1498 2013 1826 2066 Priscianum

806 2091 1069 2146 audimus.
1092 2113 1115 2134 ι
1128 2091 1359 2144 Naribus
1380 2109 1507 2144 vero
1527 2092 1829 2161 specialiter

808 2174 883 2226 sic
905 2169 1200 2224 medeberis
1216 2197 1238 2218 ι
1256 2208 1273 2234 ,
1306 2171 1477 2242 inquit
1502 2171 1620 2233 ille,
1651 2173 1706 2236 1,
1734 2191 1756 2226 1
1774 2191 1824 2237 ι,

808 2250 877 2305 de
896 2250 1103 2305 narium
1130 2249 1365 2303 moi-bist
1392 2275 1417 2298 ι
1444 2269 1658 2304 succum
1675 2251 1830 2322 nepi-

808 2346 875 2385 ω
898 2371 915 2396 ,
944 2349 1103 2402 quam
1140 2329 1313 2384 Graeci
1346 2330 1700 2384 calamintben
1738 2349 1830 2384 vo-

808 2423 931 2464 cant
952 2448 971 2475 ,
1034 2411 1337 2482 frequenter
1394 2409 1618 2464 infunde
1661 2429 1676 2464 ε
1740 2423 1832 2463 ant

810 2489 1044 2562 ejusdem
1078 2491 1282 2544 siccato
1308 2501 1363 2542 et
1386 2503 1620 2544 contuso
1643 2490 1829 2561 pulve-

808 2588 921 2624 rem
947 2587 1045 2639 per
1064 2571 1297 2625 canalem
1326 2569 1621 2625 exsufflato.
1651 2596 1676 2619 ι
1708 2571 1776 2623 Η.

888 2650 1061 2702 Lvn.
1116 2667 1164 2702 1.
1225 2650 1493 2703 Camenam.
1540 2650 1666 2704 Hoc
1709 2650 1832 2704 toti·

810 2726 933 2783 dem
956 2728 1130 2781 verbis
1154 2728 1416 2797 interpres
1438 2729 1696 2795 oribasii,
1715 2730 1795 2782 xl
1815 2767 1833 2794 ‚

808 2809 901 2863 fol.
944 2826 1043 2861 tos
1068 2846 1085 2871 ‚
1112 2819 1231 2879 post
1252 2808 1432 2862 Diosc.
1460 2809 1543 2860 111
1560 2847 1578 2872 ‚
1599 2813 1693 2877 69.
1723 2808 1792 2862 Η.

894 2908 946 2941 s.
986 2888 1047 2939 In
1076 2899 1217 2940 stum.
1250 2888 1419 2941 Marc.
1446 2888 1606 2959 Emp.
1641 2906 1689 2940 c.
1723 2907 1828 2942 xx:

818 2996 841 3017 ι
867 2965 1157 3021 cuminum
1184 2980 1345 3031 teres,
1376 2978 1430 3020 et
1454 2968 1584 3020 vino
1609 2967 1836 3021 mixtum

812 3047 962 3101 dabis
974 3046 1269 3100 bibendum
1280 3047 1533 3117 jejuno‚si
1550 3066 1658 3100 non
1680 3048 1839 3102 febri-

813 3128 1021 3181 citabit:
1034 3126 1073 3179 si
1082 3126 1427 3192 febricitabig
1436 3144 1499 3179 ex
1508 3144 1642 3199 aqua
1651 3128 1838 3181 tritum

812 3206 987 3261 dabis:
1002 3207 1257 3259 continuo
1270 3206 1575 3259 emendabis
1586 3206 1840 3260 stomachi

810 3286 1071 3340 dotorem.
1098 3312 1122 3333 ι
1160 3284 1329 3357 Apud
1356 3286 1530 3340 Diosc.
1566 3287 1651 3339 111
1670 3326 1686 3353 ‚
1723 3291 1796 3343 68
1821 3325 1838 3351 ‚

812 3369 1016 3437 ιῦςομον
1048 3364 1213 3419 hodie
1244 3365 1466 3436 legitur,
1496 3366 1602 3419 hoc
1625 3379 1732 3430 est,
1757 3366 1837 3419 ori

812 3460 1021 3518 gratum
1041 3481 1059 3505 ,
1088 3445 1226 3499 forte
1253 3463 1354 3515 pro
1383 3448 1675 3517 ιύςὸμαχον.
1701 3447 1840 3499 Nam

814 3527 1057 3580 silvestre
1100 3524 1375 3577 cuminum
1392 3562 1408 3589 ,
1446 3544 1561 3598 cap.
1611 3530 1684 3595 69
1704 3564 1721 3591 .,
1767 3524 1836 3580 ad

812 3603 1070 3657 stomachi
1112 3603 1525 3659 imbecillitatem
1560 3604 1839 3659 levandam

814 3684 871 3737 in
902 3682 1088 3755 primis
1120 3682 1383 3737 laudatur.
1412 3686 1596 3739 nnn.

898 3763 952 3817 3.
988 3762 1220 3816 Discutit.
1260 3762 1553 3817 crassiores
1591 3764 1842 3817 humores

812 3860 874 3896 ac
900 3842 1180 3914 pituitosos
1198 3881 1213 3906 ,
1242 3861 1339 3912 per
1366 3842 1546 3897 alvum
1579 3856 1632 3897 et
1659 3843 1840 3897 urinas

813 3922 993 3977 educit
1016 3941 1028 3973 :
1052 3918 1266 3974 eosdem
1293 3941 1323 3974 a
1342 3922 1515 3993 capite
1541 3936 1741 3979 evocat.
1769 3923 1838 3975 Η.

898 4010 949 4065 4.
977 4003 1207 4055 Pims'eaes.
1229 4002 1534 4072 vapor-oses
1560 4017 1616 4056 et
1639 4020 1840 4057 crassos

810 4084 1028 4153 spiritus
1048 4100 1079 4135 e
1104 4082 1293 4154 pituita
1313 4083 1540 4153 genitos.
1571 4084 1731 4136 Pur.

1996 1933 2046 1986 5.
2089 1933 2166 1984 Ee
2205 1933 2494 1999 inflationes.
2527 1933 2666 1986 Haec
2693 1932 2939 2005 deinceps

1913 2011 2097 2066 iisdem
2125 2013 2299 2066 verbis
2327 2013 2500 2066 Diosc-
2529 2025 2652 2066 tum
2683 2012 2760 2066 de
2787 2020 2940 2068 cumi·

1911 2111 1988 2144 no
2011 2093 2205 2154 sativo,
2231 2104 2346 2145 tum
2363 2091 2432 2144 de
2445 2092 2710 2157 silvestri,
2733 2095 2852 2158 111,
2873 2097 2936 2147 68

1915 2184 1968 2224 et
1997 2175 2092 2241 69.
2129 2171 2312 2224 Han.

1993 2257 2045 2304 6.
2069 2251 2317 2304 Tor-mina.
2341 2249 2652 2306 Dioscorssd.
2671 2253 2782 2306 loc.
2803 2253 2934 2306 citat.

1915 2330 1986 2395 Q.
2009 2330 2266 2394 Serenus,
2292 2349 2410 2401 cap.
2437 2349 2596 2386 xxvix
2612 2369 2634 2396 2
2653 2329 2730 2386 de
2755 2333 2940 2386 ventris

1913 2409 2103 2464 dolore
2145 2409 2437 2481 mitigando
2477 2429 2494 2463 τ
2545 2437 2572 2458 ι
2593 2411 2752 2478 Quin
2795 2413 2938 2466 etiam

1913 2509 1980 2544 ex
1993 2489 2444 2562 iympbis,t1·itum
2455 2503 2652 2584 Potare
2667 2495 2938 2546 cuminum

1915 2570 2244 2635 Conveniet,
2271 2567 2421 2641 quod
2445 2590 2556 2641 μοι
2589 2571 2758 2624 nobis
2793 2571 2940 2627 doen·

1915 2663 2092 2705 menta
2115 2650 2430 2722 probarunt.
2459 2676 2482 2696 -
2519 2650 2710 2705 Hsnu.

1999 2748 2054 2799 7.
2117 2730 2374 2783 Pauorem.
2441 2728 2606 2783 Unde
2669 2732 2938 2783 cuminum

1857 2832 1862 2837 ·
1917 2810 2118 2881 pallens
2163 2809 2232 2874 Q.
2281 2810 2519 2870 Sereno,
2565 2828 2690 2880 cap.
2739 2828 2860 2867 xxv.
2896 2824 2939 2862 et

1919 2889 2118 2953 Persio,
2131 2891 2237 2943 Sat.
2253 2888 2324 2941 V.
2349 2889 2630 2961 Exsangue
2646 2891 2939 2951 cuminum,

1920 2969 2168 3032 Horatio,
2193 2968 2252 3032 1,
2277 2986 2364 3039 ep.
2401 2986 2485 3021 so.
2519 2970 2588 3021 Et
2611 2970 2726 3023 hoc
2757 2971 2940 3041 pariter

1919 3060 2069 3102 notat
2091 3049 2265 3101 Diosc.
2291 3047 2396 3100 loc.
2419 3049 2506 3101 cit.
2531 3048 2722 3103 Hsnu.

2003 3129 2062 3181 8.
2117 3128 2300 3180 Porcii.
2353 3126 2430 3181 M.
2481 3128 2713 3182 Porcius
2764 3130 2938 3189 Latm,

1922 3224 2112 3279 genere
2135 3208 2424 3279 Hispanus,
2453 3208 2668 3278 primns
2691 3210 2832 3263 clari
2859 3228 2940 3260 no-

1923 3286 2082 3339 minis
2105 3287 2390 3357 proFesson
2411 3300 2470 3339 ut
2488 3289 2942 3354 auctorestQuin·

1925 3366 2167 3429 tilianus,
2193 3367 2245 3419 X
2265 3404 2282 3431 ,
2307 3366 2358 3419 5.
2387 3368 2545 3419 Hunc
2571 3368 2785 3420 Senem
2807 3380 2940 3439 pater

1923 3446 1981 3499 in
2013 3445 2167 3499 Pver.
2197 3446 2384 3499 Contr.
2419 3458 2526 3499 tam
2557 3448 2780 3517 egregie
2809 3466 2938 3501 com-

1921 3523 2158 3591 mendat,
2169 3537 2230 3577 ut
2245 3525 2466 3597 egregiis
2479 3523 2942 3588 declamatoribus,

1925 3605 2022 3677 qui
2057 3604 2278 3675 Augusti
2309 3605 2554 3657 suculam
2583 3605 2942 3665 illustrarunt,

1925 3684 2256 3756 prnripuisse
2277 3684 2500 3755 gloriam
2524 3684 2798 3739 videatur.
2825 3687 2888 3737 Η.

2006 3782 2060 3832 9.
2087 3764 2288 3817 latim.
2315 3764 2424 3829 Qui
2449 3763 2660 3835 primus
2695 3763 2940 3818 adversus

1926 3842 2194 3898 Neronem
2219 3844 2542 3915 conspiravit
2563 3844 2822 3898 :natione
2836 3844 2942 3896 Gal·
3059 3844 3061 3853 ⁴

1925 3924 2007 3977 lus
2021 3956 2040 3983 ‚
2064 3924 2228 3995 stirpe
2253 3923 2393 3995 regia
2405 3948 2428 3985 ς
2452 3922 2658 3977 ordinis
2676 3923 2936 3977 senatorii.

1927 4002 2068 4057 vide
2085 4004 2244 4057 Dion.
2267 4003 2360 4055 lib.
2379 4003 2589 4067 Lxm,
2611 4022 2670 4073 p.
2697 4010 2835 4071 7²⁴·
2851 4000 2910 4053 H.

2006 4100 2095 4137 ιο.
2141 4083 2448 4137 Adur-tom
2483 4083 2640 4135 ιἸΙωιι.
2691 4082 2750 4135 Is
2787 4098 2936 4153 quam
