3150 5150
855 508 1007 580 528
1376 511 1454 580 C.
1511 511 1858 580 PLINII
1912 513 2129 582 NAT.
2188 514 2453 584 HIST.

849 641 1186 712 bibuntur.
1226 639 1509 710 Vulneri
1553 639 1899 712 illinuntur
1942 645 2225 712 maxime
2268 659 2505 714 contra
2556 647 2945 742 scorpionum

849 751 1038 818 ictus.
1096 750 1350 817 Verum
1385 761 1625 818 contra
1666 747 2019 844 phalangia
2053 751 2415 820 commixto
2446 752 2605 820 vino
2643 777 2725 822 ex
2766 769 2943 822 aceto.

846 853 1004 923 Aliis
1031 878 1296 948 quoque
1323 855 1597 924 venenis
1632 857 1989 940 resistunt,
2018 857 2307 951 exceptis
2342 880 2489 950 quae
2512 858 2946 953 strangulando

845 974 1088 1030 necant
1111 1012 1131 1046 ‚
1161 973 1278 1030 aut
1313 961 1390 1029 iis
1425 985 1571 1055 quae
1604 961 1841 1030 vesicae
1882 977 2167 1032 nocent:
2214 963 2373 1030 item
2404 963 2827 1058 psimmythio
2856 992 2945 1035 ex-

845 1081 1061 1161 cepto.
1100 1067 1548 1162 Imponuntur
1578 1079 1645 1136 et
1672 1068 1891 1136 ventri
1934 1091 2017 1136 ex
2054 1065 2247 1137 melle
2276 1082 2475 1162 atque
2506 1083 2731 1156 aceto,
2760 1071 2837 1138 ad
2866 1073 2946 1140 de

845 1171 1172 1242 trahenda
1215 1174 1374 1240 vitia
1411 1170 1560 1241 alvi.
1608 1173 1834 1242 Urinae
1869 1173 2327 1257 difficultates,
2374 1199 2611 1246 succus
2654 1177 2943 1246 emendat.

849 1279 1171 1349 Cratevas
1201 1301 1352 1348 eum
1385 1293 1454 1346 et
1482 1277 1864 1374 hydropicis
1896 1278 2109 1349 obolis
2138 1280 2401 1350 duobus
2434 1282 2500 1350 in
2530 1297 2725 1352 aceto
2754 1299 2817 1351 et
2836 1307 2947 1376 cya-

779 1407 812 1458 3
849 1385 969 1455 tho
996 1386 1134 1454 vini
1161 1383 1304 1453 dari
1329 1384 1536 1478 jubet.
1569 1385 1861 1474 Quidam
1880 1383 1906 1423 ⁹
1936 1401 2005 1456 et
2038 1409 2077 1456 e
2112 1387 2335 1456 sativis
2362 1385 2689 1483 colligunt
2714 1413 2943 1458 succum

849 1493 1068 1561 minus
1083 1489 1442 1560 efficacem.
1467 1489 1893 1560 Peculiares¹⁰
1915 1515 2146 1560 earum
2172 1495 2343 1562 vires
2370 1496 2611 1588 partim
2634 1494 2769 1588 jam
2789 1495 2947 1564 dictae

849 1611 1390 1678 sunt‚‹somnum
1449 1595 1775 1682 faciendi,
1822 1600 2285 1693 Veneremque
2326 1598 2705 1686 inhibendi,
2754 1617 2945 1670 aestum

851 1701 1318 1799 refrigerandi,
1359 1702 1775 1772 stomachum
1809 1704 2139 1800 purgandi
2158 1703 2227 1789 ¹¹,
2256 1707 2647 1800 sanguinem
2677 1707 2941 1801 augendi.

851 1812 1008 1880 Non
1057 1833 1284 1904 paucae
1344 1823 1652 1878 restant.
1692 1810 2007 1903 quoniam
2052 1824 2118 1879 et
2174 1811 2543 1881 inflationes
2591 1812 2943 1889 discutiunt

849 1931 1208 2011 ructusque
1248 1911 1425 1984 lenes
1457 1913 1724 1984 faciunt.
1758 1917 1902 1986 Nec
1932 1914 2132 1985 ulla¹³
2158 1942 2261 1986 res
2300 1919 2365 1986 in
2401 1919 2567 1988 cibis
2602 1919 2941 1987 aviditatem

845 2022 1078 2091 incitat
1114 2021 1496 2115 inhibetque
1525 2021 1800 2090 eadem:
1841 2023 1909 2091 in
1954 2023 2184 2092 causa'
2194 2009 2709 2119 ³alterutraque
2748 2025 2942 2093 modus

780 2157 814 2216 ,ς
849 2141 968 2197 est.
1025 2129 1130 2198 Sic
1187 2141 1256 2196 et
1302 2125 1522 2195 alvum
1571 2129 1970 2222 copiosiores
2023 2127 2331 2214 solvunt,
2388 2129 2668 2200 modicae
2729 2131 2939 2200 sistunt

850 2235 1205 2304 Lentitiam
1250 2233 1504 2329 pituitae
1544 2233 1892 2328 digerunt,
1930 2249 2127 2328 atque
2172 2248 2250 2305 ut
2282 2235 2483 2331 aliqui
2526 2237 2939 2316 tradiderunt,

847 2339 1098 2410 sensus¹
1105 2328 1466 2436 ‘ſtrpurgant
1493 2339 1831 2408 Stomachi
1852 2340 2157 2410 dissoluti
2188 2340 2529 2411 utilissime
2544 2342 2937 2437 adjuvantur:

849 2447 918 2514 in
955 2471 1036 2515 eo
1067 2471 1194 2516 usu
1231 2460 1300 2514 et
1331 2444 1645 2540 oxypori¹
1652 2431 1925 2515 ‘obolis
1964 2449 2381 2567 asperitatem
2420 2447 2649 2518 addito
2690 2448 2847 2517 dulci
2878 2447 2937 2514 ad

847 2552 1202 2623 intinctum
1235 2553 1406 2623 aceti
1429 2565 1918 2647 temperantes:
1950 2554 2003 2623 si
2038 2555 2321 2625 crassior
2341 2555 2581 2651 pituita
2604 2556 2722 2643 sit,
2753 2554 2939 2625 scillite

928 2796 983 2847 9.
1025 2774 1256 2846 Quidam.
1290 2776 1466 2829 Diosc.
1501 2775 1604 2829 loc.
1652 2774 1744 2830 cit.
1780 2775 1871 2829 iis·
1955 2777 2197 2843 brassicae
2231 2798 2321 2832 esu
2354 2798 2536 2833 sensus
2572 2780 2787 2852 purgari
2822 2776 2937 2830 dicit.

841 2854 966 2911 dem
992 2855 1182 2909 verbis.
1209 2856 1392 2907 limo.

932 2955 1014 2990 ιο.
1057 2936 1342 2987 Peculium.
1383 2934 1504 2987 Lib.
1551 2934 1712 2999 xlx,
1776 2934 1871 2989 38.

843 3016 949 3070 Has
973 3032 1187 3088 quoque
1210 3015 1430 3068 lactuca
1453 3011 1605 3067 dotes
1632 3014 1870 3085 comple-

845 3115 943 3151 xus
966 3108 1044 3149 est
1065 3096 1239 3147 Diosc.
1269 3096 1356 3158 11,
1383 3096 1487 3146 165
1516 3106 1571 3147 et
1603 3096 1734 3147 166.
1760 3092 1829 3147 Η.

933 3194 956 3229 1
975 3192 1022 3228 ι.
1053 3172 1328 3242 Pus-gandi.
1353 3175 1556 3237 Immo,
1597 3174 1871 3225 mbomnda'.

845 3253 1191 3309 stomachicis
1217 3254 1437 3307 sativam
1465 3253 1728 3306 lactucam
1754 3273 1873 3306 cru·

845 3332 968 3387 dam
997 3331 1246 3405 prodesse
1275 3332 1494 3386 tradidit
1518 3332 1869 3387 Dioscorides.

843 3414 1046 3467 nme.

931 3511 1022 3545 η.
1044 3492 1150 3545 Nec
1179 3492 1300 3545 ulta.
1325 3491 1511 3553 Forte,
1543 3510 1631 3543 nec
1658 3492 1759 3543 alia
1781 3512 1869 3544 ms.

844 3572 1025 3626 Banu.
1075 3603 1156 3613 —
1207 3570 1294 3624 Sic
1346 3590 1410 3624 ex
1461 3570 1615 3625 MSS.
1661 3570 1869 3624 emend.

843 3650 1010 3705 Hard.
1054 3650 1296 3704 Gronov.
1337 3663 1393 3703 et
1427 3652 1494 3704 al.
1532 3676 1554 3697 ι
1584 3666 1875 3721 ructusque

845 3731 992 3783 lenes
1029 3730 1264 3791 faciunt,
1311 3726 1683 3785 concoctiones
1722 3729 1873 3801 adju·

846 3822 987 3863 vant-
1017 3806 1320 3864 Cruditates
1359 3810 1487 3878 ipsa
1533 3826 1872 3883 nequaquam

847 3890 1064 3944 fuciunt.
1101 3888 1213 3941 Nec
1241 3888 1378 3949 ulla,
1418 3900 1517 3941 etc.
1551 3913 1574 3934 ι
1612 3890 1716 3942 En.

2046 2878 2066 2911 ι
2085 2860 2134 2911 5.
2190 2859 2426 2930 Oaeypon'.
2456 2860 2734 2926 lactucis,
2768 2858 2927 2929 inquit.

1958 2938 2213 2991 stomachi
2230 2937 2571 3007 adjuvantur,
2586 2951 2709 2991 cum
2724 2956 2939 3009 oxypom,

1958 3014 2105 3089 quod
2125 3018 2276 3069 oboli
2299 3036 2539 3071 mensura
2562 3020 2811 3091 capiatur,
2826 3019 2941 3087 cnjus

1957 3095 2289 3165 asperitatem
2338 3096 2521 3151 addito
2570 3116 2723 3168 passo
2752 3100 2775 3159 (
2784 3098 2937 3167 γλυκιῖ.

1956 3172 2138 3237 dulci)
2166 3177 2412 3247 mitigant
2433 3176 2536 3229 ad
2522 3177 2799 3229 intinctum
2818 3174 2935 3227 aceti.

1956 3254 2013 3307 Si
2044 3256 2271 3309 crassior
2302 3255 2489 3328 pituita
2516 3256 2571 3309 in
2602 3254 2855 3309 stomcbo
2880 3254 2937 3304 vi·

1957 3331 2186 3399 debitur,
2206 3354 2313 3388 non
2335 3354 2576 3407 oxyporo
2595 3334 2829 3389 dulcibus
2838 3331 2937 3384 edo-

1958 3413 2116 3479 mito,
2142 3412 2233 3467 sed
2261 3414 2449 3467 scillite
2474 3428 2624 3468 aceto
2646 3455 2661 3480 ,
2682 3427 2771 3467 aut
2796 3412 2937 3464 absin·

1958 3492 2091 3547 tbite
2129 3495 2254 3547 vino
2288 3492 2547 3548 utendum
2584 3512 2704 3547 cum
2740 3492 2934 3545 lactucis.

1956 3562 2187 3640 ὀξύπορσ.
2205 3571 2533 3637 diceBantur,
2550 3592 2670 3645 qua
2686 3585 2825 3626 aceto
2844 3589 2939 3623 con·

1956 3650 2063 3705 dita
2079 3652 2181 3707 ad
2164 3654 2419 3706 intinctus
2434 3654 2791 3705 servabantur.
2808 3646 2937 3721 Apud

1958 3732 2164 3785 Colum.
2194 3732 2333 3794 xn.
2354 3750 2403 3785 c.
2438 3744 2765 3803 postremum
2788 3728 2937 3782 inscri-

1958 3811 2147 3864 bitur:
2176 3810 2413 3865 Mantum
2458 3832 2739 3884 ozypomm,
2780 3810 2855 3862 vel
2894 3820 2935 3858 ut

1959 3889 2072 3953 alii,
2112 3910 2379 3963 oxygarum
2396 3932 2411 3955 ,
2440 3890 2815 3963 quemadmodum
2842 3905 2939 3939 ωιι·

929 3970 1017 4025 13.
1042 3969 1104 4022 ln
1127 3988 1290 4021 eausa.
1321 3968 1623 4039 Utrumque
1642 3980 1873 4038 prostat,
1950 3989 2124 4039 ponas.
2162 3970 2341 4023 Mutia
2374 3969 2589 4025 condiri
2625 3971 2833 4023 lactucas
2864 3984 2935 4018 au·

843 4070 946 4122 pro
967 4049 1179 4103 diverso
1204 4046 1448 4102 sumendi
1469 4044 1653 4100 modo.
1682 4046 1751 4102 Η.

931 4150 954 4185 1
969 4135 1018 4193 4'.
1043 4128 1234 4183 Sensus.
1265 4128 1354 4181 Sic
1375 4126 1537 4199 paulo
1562 4126 1661 4179 inf.
1689 4146 1738 4180 c.
1764 4126 1838 4190 34
1854 4165 1871 4191 ,

1958 4062 2073 4103 ctor
2102 4061 2179 4103 est
2204 4050 2378 4103 Diosc-
2405 4050 2487 4115 11,
2526 4051 2669 4116 165;
2694 4046 2937 4119 oxymelite

1958 4128 2096 4181 Plin.
2136 4128 2260 4183 xlx
2278 4170 2295 4193 ,
2324 4129 2417 4183 38.
2442 4128 2625 4184 Hann.
