<?xml version="1.0" encoding="UTF-8"?>
<!DOCTYPE html PUBLIC "-//W3C//DTD XHTML 1.0 Transitional//EN"
    "http://www.w3.org/TR/xhtml1/DTD/xhtml1-transitional.dtd">
<html xmlns="http://www.w3.org/1999/xhtml" xml:lang="en" lang="en">
 <head>
  <title>
</title>
<meta http-equiv="Content-Type" content="text/html;charset=utf-8" />
  <meta name='ocr-system' content='tesseract 3.04.00' />
  <meta name='ocr-capabilities' content='ocr_page ocr_carea ocr_par ocr_line ocrx_word'/>
</head>
<body>
  <div class='ocr_page' id='page_1' title='image "./caiipliniisecun01hardgoog_0201.png"; bbox 0 0 3150 5150; ppageno 0'>
   <div class='ocr_carea' id='block_1_1' title="bbox 935 531 1627 601">
    <p class='ocr_par' dir='ltr' id='par_1_1' title="bbox 935 531 1627 601">
     <span class='ocr_line' id='line_1_1' title="bbox 935 531 1627 601; baseline 0 -3"><span class='ocrx_word' id='word_1_1' title='bbox 935 531 1254 599; x_wconf 86' lang='lat' dir='ltr'><strong>LIBER</strong></span> <span class='ocrx_word' id='word_1_2' title='bbox 1315 532 1627 601; x_wconf 89' lang='lat' dir='ltr'>XVIII.</span> 
     </span>
    </p>
   </div>
   <div class='ocr_carea' id='block_1_2' title="bbox 2208 559 2343 630">
    <p class='ocr_par' dir='ltr' id='par_1_2' title="bbox 2208 559 2343 630">
     <span class='ocr_line' id='line_1_2' title="bbox 2208 559 2343 630; baseline 0.015 -26"><span class='ocrx_word' id='word_1_3' title='bbox 2208 559 2343 630; x_wconf 86' lang='lat'>¹9¹</span> 
     </span>
    </p>
   </div>
   <div class='ocr_carea' id='block_1_3' title="bbox 199 662 2354 761">
    <p class='ocr_par' dir='ltr' id='par_1_3' title="bbox 199 662 2354 761">
     <span class='ocr_line' id='line_1_3' title="bbox 199 662 2354 761; baseline 0.002 -29"><span class='ocrx_word' id='word_1_4' title='bbox 199 665 342 752; x_wconf 85' lang='lat' dir='ltr'>dit,</span> <span class='ocrx_word' id='word_1_5' title='bbox 382 662 598 760; x_wconf 88' lang='lat' dir='ltr'>lupini</span> <span class='ocrx_word' id='word_1_6' title='bbox 624 662 848 733; x_wconf 88' lang='lat' dir='ltr'>flore</span> <span class='ocrx_word' id='word_1_7' title='bbox 830 687 898 731; x_wconf 86' lang='lat' dir='ltr'>m</span> <span class='ocrx_word' id='word_1_8' title='bbox 929 685 1130 732; x_wconf 88' lang='lat' dir='ltr'>succo</span> <span class='ocrx_word' id='word_1_9' title='bbox 1170 663 1402 734; x_wconf 85' lang='lat' dir='ltr'>cicutae</span> <span class='ocrx_word' id='word_1_10' title='bbox 1431 688 1566 732; x_wconf 90' lang='lat' dir='ltr'>uno</span> <span class='ocrx_word' id='word_1_11' title='bbox 1596 663 1703 734; x_wconf 90' lang='lat' dir='ltr'>die</span> <span class='ocrx_word' id='word_1_12' title='bbox 1738 677 2108 754; x_wconf 83' lang='lat' dir='ltr'>macerato,</span> <span class='ocrx_word' id='word_1_13' title='bbox 2156 691 2354 761; x_wconf 83' lang='lat' dir='ltr'>spar-</span> 
     </span>
    </p>
   </div>
   <div class='ocr_carea' id='block_1_4' title="bbox 205 769 826 866">
    <p class='ocr_par' dir='ltr' id='par_1_4' title="bbox 205 769 826 866">
     <span class='ocr_line' id='line_1_4' title="bbox 205 769 826 866; baseline -0.002 -26"><span class='ocrx_word' id='word_1_14' title='bbox 205 773 434 866; x_wconf 83' lang='lat' dir='ltr'>sisque</span> <span class='ocrx_word' id='word_1_15' title='bbox 472 769 826 840; x_wconf 84' lang='lat' dir='ltr'><strong>radicibus.</strong></span> 
     </span>
    </p>
   </div>
   <div class='ocr_carea' id='block_1_5' title="bbox 206 865 2421 1290">
    <p class='ocr_par' dir='ltr' id='par_1_5' title="bbox 206 865 2421 1290">
     <span class='ocr_line' id='line_1_5' title="bbox 315 865 2421 972; baseline 0 -26"><span class='ocrx_word' id='word_1_16' title='bbox 315 865 670 970; x_wconf 82' lang='lat' dir='ltr'>lx.(v11.)</span> <span class='ocrx_word' id='word_1_17' title='bbox 726 878 818 946; x_wconf 86' lang='lat' dir='ltr'>Et</span> <span class='ocrx_word' id='word_1_18' title='bbox 859 876 1173 970; x_wconf 87' lang='lat' dir='ltr'>quoniam</span> <span class='ocrx_word' id='word_1_19' title='bbox 1231 891 1643 972; x_wconf 71' lang='lat' dir='ltr'>praeparatus</span> <span class='ocrx_word' id='word_1_20' title='bbox 1699 889 1801 946; x_wconf 88' lang='lat' dir='ltr'>est</span> <span class='ocrx_word' id='word_1_21' title='bbox 1842 901 2001 972; x_wconf 88' lang='lat' dir='ltr'>ager</span> <span class='ocrx_word' id='word_1_22' title='bbox 2024 928 2043 962; x_wconf 92' lang='lat'>,</span> <span class='ocrx_word' id='word_1_23' title='bbox 2115 894 2356 949; x_wconf 85' lang='lat' dir='ltr'>natura</span> <span class='ocrx_word' id='word_1_24' title='bbox 2398 911 2421 946; x_wconf 80' lang='grc' dir='ltr'>ι</span> 
     </span>
     <span class='ocr_line' id='line_1_6' title="bbox 207 982 2354 1079; baseline 0.001 -27"><span class='ocrx_word' id='word_1_25' title='bbox 207 1007 391 1053; x_wconf 90' lang='lat' dir='ltr'>nunc</span> <span class='ocrx_word' id='word_1_26' title='bbox 422 983 824 1056; x_wconf 89' lang='lat' dir='ltr'>indicabitur</span> <span class='ocrx_word' id='word_1_27' title='bbox 865 982 1156 1076; x_wconf 84' lang='lat' dir='ltr'>frugum.</span> <span class='ocrx_word' id='word_1_28' title='bbox 1192 982 1397 1053; x_wconf 84' lang='lat' dir='ltr'>Sunt¹</span> <span class='ocrx_word' id='word_1_29' title='bbox 1440 997 1666 1054; x_wconf 90' lang='lat' dir='ltr'>autem</span> <span class='ocrx_word' id='word_1_30' title='bbox 1704 982 1841 1053; x_wconf 90' lang='lat' dir='ltr'>duo</span> <span class='ocrx_word' id='word_1_31' title='bbox 1868 986 2085 1079; x_wconf 86' lang='lat' dir='ltr'>prima</span> <span class='ocrx_word' id='word_1_32' title='bbox 2122 1009 2354 1055; x_wconf 85' lang='lat' dir='ltr'>earum</span> 
     </span>
     <span class='ocr_line' id='line_1_7' title="bbox 207 1089 2358 1185; baseline 0.001 -27"><span class='ocrx_word' id='word_1_33' title='bbox 207 1113 480 1184; x_wconf 87' lang='lat' dir='ltr'>genera.</span> <span class='ocrx_word' id='word_1_34' title='bbox 521 1093 914 1175; x_wconf 89' lang='lat' dir='ltr'>Frumenta,</span> <span class='ocrx_word' id='word_1_35' title='bbox 973 1102 1050 1158; x_wconf 88' lang='lat' dir='ltr'>ut</span> <span class='ocrx_word' id='word_1_36' title='bbox 1089 1091 1380 1160; x_wconf 83' lang='lat' dir='ltr'>triticum</span> <span class='ocrx_word' id='word_1_37' title='bbox 1399 1143 1418 1177; x_wconf 93' lang='lat'>,</span> <span class='ocrx_word' id='word_1_38' title='bbox 1455 1089 1787 1159; x_wconf 86' lang='lat' dir='ltr'><strong>hordeum</strong></span> <span class='ocrx_word' id='word_1_39' title='bbox 1826 1117 1843 1158; x_wconf 75' lang='grc' dir='ltr'><strong><em>ε</em></strong></span> <span class='ocrx_word' id='word_1_40' title='bbox 1882 1106 1949 1161; x_wconf 88' lang='lat' dir='ltr'>et</span> <span class='ocrx_word' id='word_1_41' title='bbox 1984 1090 2316 1185; x_wconf 84' lang='lat' dir='ltr'>legumina</span> <span class='ocrx_word' id='word_1_42' title='bbox 2337 1147 2358 1177; x_wconf 85' lang='lat'>,</span> 
     </span>
     <span class='ocr_line' id='line_1_8' title="bbox 206 1194 2358 1290; baseline 0.001 -24"><span class='ocrx_word' id='word_1_43' title='bbox 206 1211 285 1266; x_wconf 87' lang='lat' dir='ltr'>ut</span> <span class='ocrx_word' id='word_1_44' title='bbox 325 1196 515 1281; x_wconf 86' lang='lat' dir='ltr'>faba,</span> <span class='ocrx_word' id='word_1_45' title='bbox 568 1198 765 1266; x_wconf 85' lang='lat' dir='ltr'>cicer.</span> <span class='ocrx_word' id='word_1_46' title='bbox 812 1194 1215 1266; x_wconf 85' lang='lat' dir='ltr'>Differentia</span> <span class='ocrx_word' id='word_1_47' title='bbox 1253 1220 1419 1266; x_wconf 77' lang='lat' dir='ltr'>vero</span> <span class='ocrx_word' id='word_1_48' title='bbox 1462 1197 1687 1266; x_wconf 89' lang='lat' dir='ltr'>notior</span> <span class='ocrx_word' id='word_1_49' title='bbox 1721 1221 1920 1290; x_wconf 87' lang='lat' dir='ltr'>quam</span> <span class='ocrx_word' id='word_1_50' title='bbox 1968 1213 2044 1268; x_wconf 91' lang='lat' dir='ltr'>ut</span> <span class='ocrx_word' id='word_1_51' title='bbox 2077 1199 2358 1269; x_wconf 90' lang='lat' dir='ltr'>indicari</span> 
     </span>
    </p>
   </div>
   <div class='ocr_carea' id='block_1_6' title="bbox 211 1302 468 1373">
    <p class='ocr_par' dir='ltr' id='par_1_6' title="bbox 211 1302 468 1373">
     <span class='ocr_line' id='line_1_9' title="bbox 211 1302 468 1373; baseline 0 -3"><span class='ocrx_word' id='word_1_52' title='bbox 211 1302 468 1373; x_wconf 82' lang='lat' dir='ltr'>deceat.</span> 
     </span>
    </p>
   </div>
   <div class='ocr_carea' id='block_1_7' title="bbox 207 1405 2435 2252">
    <p class='ocr_par' dir='ltr' id='par_1_7' title="bbox 207 1405 2435 2252">
     <span class='ocr_line' id='line_1_10' title="bbox 317 1405 2421 1507; baseline 0.001 -29"><span class='ocrx_word' id='word_1_53' title='bbox 317 1412 412 1478; x_wconf 83' lang='lat' dir='ltr'>X.</span> <span class='ocrx_word' id='word_1_54' title='bbox 485 1407 827 1478; x_wconf 83' lang='lat' dir='ltr'><strong>Frumenti</strong></span> <span class='ocrx_word' id='word_1_55' title='bbox 894 1408 1102 1502; x_wconf 83' lang='lat' dir='ltr'>ipsius</span> <span class='ocrx_word' id='word_1_56' title='bbox 1164 1407 1438 1477; x_wconf 88' lang='lat' dir='ltr'>totidem</span> <span class='ocrx_word' id='word_1_57' title='bbox 1492 1432 1769 1505; x_wconf 88' lang='lat' dir='ltr'>genera,</span> <span class='ocrx_word' id='word_1_58' title='bbox 1821 1433 1943 1504; x_wconf 90' lang='lat' dir='ltr'>per</span> <span class='ocrx_word' id='word_1_59' title='bbox 1962 1405 1981 1435; x_wconf 81' lang='lat'>¹</span> <span class='ocrx_word' id='word_1_60' title='bbox 2054 1425 2357 1507; x_wconf 87' lang='lat' dir='ltr'>tempora</span> <span class='ocrx_word' id='word_1_61' title='bbox 2398 1437 2421 1471; x_wconf 84' lang='lat' dir='ltr'>t</span> 
     </span>
     <span class='ocr_line' id='line_1_11' title="bbox 209 1513 2359 1610; baseline 0.001 -24"><span class='ocrx_word' id='word_1_62' title='bbox 209 1531 364 1586; x_wconf 86' lang='lat' dir='ltr'>satu</span> <span class='ocrx_word' id='word_1_63' title='bbox 399 1514 633 1584; x_wconf 84' lang='lat' dir='ltr'>divisa.</span> <span class='ocrx_word' id='word_1_64' title='bbox 687 1513 1020 1600; x_wconf 80' lang='lat' dir='ltr'>Hiberna,</span> <span class='ocrx_word' id='word_1_65' title='bbox 1079 1540 1225 1609; x_wconf 84' lang='lat' dir='ltr'>quae</span> <span class='ocrx_word' id='word_1_66' title='bbox 1273 1517 1450 1585; x_wconf 88' lang='lat' dir='ltr'>circa</span> <span class='ocrx_word' id='word_1_67' title='bbox 1471 1513 1491 1540; x_wconf 86' lang='lat'>²</span> <span class='ocrx_word' id='word_1_68' title='bbox 1547 1513 1993 1610; x_wconf 80' lang='lat' dir='ltr'>Vergiliarum</span> <span class='ocrx_word' id='word_1_69' title='bbox 2044 1540 2359 1588; x_wconf 85' lang='lat' dir='ltr'>occasum</span> 
     </span>
     <span class='ocr_line' id='line_1_12' title="bbox 207 1620 2359 1716; baseline 0.001 -24"><span class='ocrx_word' id='word_1_70' title='bbox 207 1637 352 1692; x_wconf 85' lang='lat' dir='ltr'>sata</span> <span class='ocrx_word' id='word_1_71' title='bbox 381 1635 564 1691; x_wconf 86' lang='lat' dir='ltr'>terra</span> <span class='ocrx_word' id='word_1_72' title='bbox 598 1643 719 1716; x_wconf 89' lang='lat' dir='ltr'>per</span> <span class='ocrx_word' id='word_1_73' title='bbox 751 1620 1039 1690; x_wconf 81' lang='lat' dir='ltr'>hiemem</span> <span class='ocrx_word' id='word_1_74' title='bbox 1071 1622 1494 1706; x_wconf 81' lang='lat' dir='ltr'>nutriuntur,</span> <span class='ocrx_word' id='word_1_75' title='bbox 1539 1637 1617 1692; x_wconf 89' lang='lat' dir='ltr'>ut</span> <span class='ocrx_word' id='word_1_76' title='bbox 1674 1624 2005 1708; x_wconf 86' lang='lat' dir='ltr'>triticum,</span> <span class='ocrx_word' id='word_1_77' title='bbox 2038 1623 2171 1710; x_wconf 88' lang='lat' dir='ltr'>far,</span> <span class='ocrx_word' id='word_1_78' title='bbox 2200 1625 2359 1695; x_wconf 89' lang='lat' dir='ltr'>hor-</span> 
     </span>
     <span class='ocr_line' id='line_1_13' title="bbox 211 1726 2361 1858; baseline 0.002 -60"><span class='ocrx_word' id='word_1_79' title='bbox 211 1730 438 1799; x_wconf 89' lang='lat' dir='ltr'>deum.</span> <span class='ocrx_word' id='word_1_80' title='bbox 467 1729 754 1811; x_wconf 84' lang='lat' dir='ltr'>AEstiva,</span> <span class='ocrx_word' id='word_1_81' title='bbox 801 1752 950 1858; x_wconf 81' lang='lat' dir='ltr'>quae</span> <span class='ocrx_word' id='word_1_82' title='bbox 987 1741 1236 1798; x_wconf 82' lang='lat' dir='ltr'>aestate</span> <span class='ocrx_word' id='word_1_83' title='bbox 1241 1742 1400 1797; x_wconf 85' lang='lat' dir='ltr'>ante</span> <span class='ocrx_word' id='word_1_84' title='bbox 1441 1726 1889 1823; x_wconf 83' lang='lat' dir='ltr'>Vergiliarum</span> <span class='ocrx_word' id='word_1_85' title='bbox 1920 1745 2225 1800; x_wconf 82' lang='lat' dir='ltr'>exortum</span> <span class='ocrx_word' id='word_1_86' title='bbox 2260 1755 2361 1802; x_wconf 85' lang='lat' dir='ltr'>se-</span> 
     </span>
     <span class='ocr_line' id='line_1_14' title="bbox 213 1819 2361 1929; baseline 0.001 -25"><span class='ocrx_word' id='word_1_87' title='bbox 213 1850 481 1919; x_wconf 86' lang='lat' dir='ltr'>runtur,</span> <span class='ocrx_word' id='word_1_88' title='bbox 517 1848 596 1902; x_wconf 88' lang='lat' dir='ltr'>ut</span> <span class='ocrx_word' id='word_1_89' title='bbox 621 1819 916 1903; x_wconf 80' lang='lat' dir='ltr'>milium³</span> <span class='ocrx_word' id='word_1_90' title='bbox 923 1835 1334 1929; x_wconf 88' lang='lat' dir='ltr'>,panicum,</span> <span class='ocrx_word' id='word_1_91' title='bbox 1373 1859 1675 1919; x_wconf 87' lang='lat' dir='ltr'>sesama,</span> <span class='ocrx_word' id='word_1_92' title='bbox 1726 1835 2150 1926; x_wconf 87' lang='lat' dir='ltr'>horminum,</span> <span class='ocrx_word' id='word_1_93' title='bbox 2188 1837 2311 1908; x_wconf 91' lang='lat' dir='ltr'>irio</span> <span class='ocrx_word' id='word_1_94' title='bbox 2341 1893 2361 1926; x_wconf 99' lang='lat'>,</span> 
     </span>
     <span class='ocr_line' id='line_1_15' title="bbox 211 1928 2365 2036; baseline 0.001 -24"><span class='ocrx_word' id='word_1_95' title='bbox 211 1941 422 2012; x_wconf 74' lang='lat' dir='ltr'>Italiae</span> <span class='ocrx_word' id='word_1_96' title='bbox 459 1940 806 2010; x_wconf 82' lang='lat' dir='ltr'>dumtaxat</span> <span class='ocrx_word' id='word_1_97' title='bbox 857 1941 1010 2010; x_wconf 88' lang='lat' dir='ltr'>ritu.</span> <span class='ocrx_word' id='word_1_98' title='bbox 1069 1940 1393 2036; x_wconf 88' lang='lat' dir='ltr'>Alioqui</span> <span class='ocrx_word' id='word_1_99' title='bbox 1376 1967 1445 2010; x_wconf 88' lang='lat' dir='ltr'>m</span> <span class='ocrx_word' id='word_1_100' title='bbox 1494 1928 1794 2012; x_wconf 82' lang='lat' dir='ltr'>Graecia⁴</span> <span class='ocrx_word' id='word_1_101' title='bbox 1842 1957 1911 2012; x_wconf 89' lang='lat' dir='ltr'>et</span> <span class='ocrx_word' id='word_1_102' title='bbox 1956 1945 2107 2012; x_wconf 85' lang='lat' dir='ltr'>Asia</span> <span class='ocrx_word' id='word_1_103' title='bbox 2140 1947 2365 2014; x_wconf 90' lang='lat' dir='ltr'>omnia</span> 
     </span>
     <span class='ocr_line' id='line_1_16' title="bbox 213 2046 2435 2146; baseline 0.001 -28"><span class='ocrx_word' id='word_1_104' title='bbox 213 2046 668 2144; x_wconf 83' lang='lat' dir='ltr'>Vergiliarum</span> <span class='ocrx_word' id='word_1_105' title='bbox 734 2070 977 2118; x_wconf 87' lang='lat' dir='ltr'>occasu</span> <span class='ocrx_word' id='word_1_106' title='bbox 1029 2063 1363 2118; x_wconf 86' lang='lat' dir='ltr'>seruntur.</span> <span class='ocrx_word' id='word_1_107' title='bbox 1415 2048 1743 2138; x_wconf 86' lang='lat' dir='ltr'>Quaedam</span> <span class='ocrx_word' id='word_1_108' title='bbox 1801 2063 2023 2118; x_wconf 88' lang='lat' dir='ltr'>autem</span> <span class='ocrx_word' id='word_1_109' title='bbox 2081 2065 2367 2146; x_wconf 86' lang='lat' dir='ltr'>utroque</span> <span class='ocrx_word' id='word_1_110' title='bbox 2426 2129 2435 2140; x_wconf 43' lang='lat'>‚</span> 
     </span>
     <span class='ocr_line' id='line_1_17' title="bbox 215 2141 2366 2252; baseline 0.002 -28"><span class='ocrx_word' id='word_1_111' title='bbox 215 2171 524 2252; x_wconf 81' lang='lat' dir='ltr'>tempore</span> <span class='ocrx_word' id='word_1_112' title='bbox 547 2157 617 2223; x_wconf 90' lang='lat' dir='ltr'>in</span> <span class='ocrx_word' id='word_1_113' title='bbox 654 2152 864 2223; x_wconf 83' lang='lat' dir='ltr'>Italia.</span> <span class='ocrx_word' id='word_1_114' title='bbox 897 2157 998 2224; x_wconf 87' lang='lat' dir='ltr'>Ex</span> <span class='ocrx_word' id='word_1_115' title='bbox 1027 2141 1170 2224; x_wconf 83' lang='lat' dir='ltr'>his⁵</span> <span class='ocrx_word' id='word_1_116' title='bbox 1200 2155 1501 2250; x_wconf 82' lang='lat' dir='ltr'>quaedam</span> <span class='ocrx_word' id='word_1_117' title='bbox 1525 2169 1595 2224; x_wconf 89' lang='lat' dir='ltr'>et</span> <span class='ocrx_word' id='word_1_118' title='bbox 1623 2155 1858 2245; x_wconf 88' lang='lat' dir='ltr'>tertio,</span> <span class='ocrx_word' id='word_1_119' title='bbox 1892 2157 2069 2225; x_wconf 80' lang='lat' dir='ltr'>veris</span> <span class='ocrx_word' id='word_1_120' title='bbox 2098 2157 2366 2228; x_wconf 88' lang='lat' dir='ltr'>scilicet.</span> 
     </span>
    </p>
   </div>
   <div class='ocr_carea' id='block_1_8' title="bbox 214 2327 1265 4239">
    <p class='ocr_par' dir='ltr' id='par_1_8' title="bbox 214 2327 1256 3119">
     <span class='ocr_line' id='line_1_18' title="bbox 292 2327 1250 2383; baseline -0.002 -1"><span class='ocrx_word' id='word_1_121' title='bbox 292 2327 640 2383; x_wconf 74' lang='lat' dir='ltr'>Ix.1.sane</span> <span class='ocrx_word' id='word_1_122' title='bbox 667 2337 826 2380; x_wconf 64' lang='lat' dir='ltr'>autem</span> <span class='ocrx_word' id='word_1_123' title='bbox 851 2327 970 2380; x_wconf 79' lang='lat' dir='ltr'>duo.</span> <span class='ocrx_word' id='word_1_124' title='bbox 995 2327 1080 2381; x_wconf 80' lang='lat' dir='ltr'>Ah</span> <span class='ocrx_word' id='word_1_125' title='bbox 1106 2328 1250 2380; x_wconf 70' lang='lat' dir='ltr'>hisce</span> 
     </span>
     <span class='ocr_line' id='line_1_19' title="bbox 214 2399 1252 2464; baseline -0.006 0"><span class='ocrx_word' id='word_1_126' title='bbox 214 2409 397 2464; x_wconf 71' lang='lat' dir='ltr'>verbis</span> <span class='ocrx_word' id='word_1_127' title='bbox 419 2406 490 2462; x_wconf 74' lang='lat' dir='ltr'>ad</span> <span class='ocrx_word' id='word_1_128' title='bbox 515 2426 640 2461; x_wconf 87' lang='lat' dir='ltr'>eum</span> <span class='ocrx_word' id='word_1_129' title='bbox 663 2408 840 2460; x_wconf 87' lang='lat' dir='ltr'>locum</span> <span class='ocrx_word' id='word_1_130' title='bbox 871 2409 958 2460; x_wconf 71' lang='lat' dir='ltr'>Ex</span> <span class='ocrx_word' id='word_1_131' title='bbox 975 2399 1152 2460; x_wconf 68' lang='lat' dir='ltr'>hordeo</span> <span class='ocrx_word' id='word_1_132' title='bbox 1177 2407 1252 2460; x_wconf 81' lang='lat' dir='ltr'>al·</span> 
     </span>
     <span class='ocr_line' id='line_1_20' title="bbox 215 2487 1250 2560; baseline -0.001 -20"><span class='ocrx_word' id='word_1_133' title='bbox 215 2505 372 2542; x_wconf 69' lang='lat' dir='ltr'>tem</span> <span class='ocrx_word' id='word_1_134' title='bbox 421 2499 570 2560; x_wconf 66' lang='lat' dir='ltr'>eaput</span> <span class='ocrx_word' id='word_1_135' title='bbox 587 2527 604 2552; x_wconf 94' lang='lat'><strong><em>‚</em></strong></span> <span class='ocrx_word' id='word_1_136' title='bbox 651 2499 758 2540; x_wconf 89' lang='lat' dir='ltr'>etc.</span> <span class='ocrx_word' id='word_1_137' title='bbox 805 2488 1022 2540; x_wconf 85' lang='lat' dir='ltr'>exhibet</span> <span class='ocrx_word' id='word_1_138' title='bbox 1067 2487 1250 2540; x_wconf 76' lang='lat' dir='ltr'>omnin</span> 
     </span>
     <span class='ocr_line' id='line_1_21' title="bbox 215 2567 1248 2640; baseline -0.003 -17"><span class='ocrx_word' id='word_1_139' title='bbox 215 2567 623 2640; x_wconf 71' lang='lat' dir='ltr'>Theophrastus</span> <span class='ocrx_word' id='word_1_140' title='bbox 637 2605 652 2629; x_wconf 87' lang='lat'>,</span> <span class='ocrx_word' id='word_1_141' title='bbox 673 2567 808 2621; x_wconf 79' lang='lat' dir='ltr'>Hist.</span> <span class='ocrx_word' id='word_1_142' title='bbox 824 2567 920 2621; x_wconf 88' lang='lat' dir='ltr'>lib.</span> <span class='ocrx_word' id='word_1_143' title='bbox 941 2567 993 2618; x_wconf 80' lang='lat' dir='ltr'>‘V</span> <span class='ocrx_word' id='word_1_144' title='bbox 997 2567 1082 2619; x_wconf 92' lang='lat'>111</span> <span class='ocrx_word' id='word_1_145' title='bbox 1097 2607 1112 2633; x_wconf 92' lang='lat'>,</span> <span class='ocrx_word' id='word_1_146' title='bbox 1130 2586 1248 2638; x_wconf 78' lang='lat' dir='ltr'>cap.</span> 
     </span>
     <span class='ocr_line' id='line_1_22' title="bbox 225 2642 1249 2719; baseline -0.003 -17"><span class='ocrx_word' id='word_1_147' title='bbox 225 2668 286 2714; x_wconf 85' lang='lat'>1,</span> <span class='ocrx_word' id='word_1_148' title='bbox 323 2669 399 2714; x_wconf 72' lang='lat'>2,</span> <span class='ocrx_word' id='word_1_149' title='bbox 444 2660 500 2701; x_wconf 86' lang='lat' dir='ltr'>et</span> <span class='ocrx_word' id='word_1_150' title='bbox 539 2645 760 2719; x_wconf 81' lang='lat' dir='ltr'>quidem</span> <span class='ocrx_word' id='word_1_151' title='bbox 800 2664 920 2719; x_wconf 81' lang='lat' dir='ltr'>cap.</span> <span class='ocrx_word' id='word_1_152' title='bbox 971 2649 1155 2700; x_wconf 73' lang='grc' dir='ltr'><strong>ιεΔΰο</strong></span> <span class='ocrx_word' id='word_1_153' title='bbox 1189 2642 1249 2699; x_wconf 70' lang='grc' dir='ltr'>δὲ</span> 
     </span>
     <span class='ocr_line' id='line_1_23' title="bbox 215 2725 1250 2799; baseline -0.005 -17"><span class='ocrx_word' id='word_1_154' title='bbox 215 2734 332 2799; x_wconf 67' lang='grc' dir='ltr'>γίνῃ</span> <span class='ocrx_word' id='word_1_155' title='bbox 361 2727 434 2781; x_wconf 69' lang='grc' dir='ltr'>τὰ</span> <span class='ocrx_word' id='word_1_156' title='bbox 463 2730 648 2799; x_wconf 75' lang='grc' dir='ltr'><strong>μίγιςα</strong></span> <span class='ocrx_word' id='word_1_157' title='bbox 667 2728 899 2798; x_wconf 74' lang='grc' dir='ltr'>τυγχάνει</span> <span class='ocrx_word' id='word_1_158' title='bbox 917 2746 930 2758; x_wconf 92' lang='grc'><em>·</em></span> <span class='ocrx_word' id='word_1_159' title='bbox 954 2726 1019 2781; x_wconf 76' lang='grc' dir='ltr'>τὰ</span> <span class='ocrx_word' id='word_1_160' title='bbox 1043 2729 1132 2797; x_wconf 69' lang='grc' dir='ltr'>μὲν</span> <span class='ocrx_word' id='word_1_161' title='bbox 1155 2725 1250 2798; x_wconf 75' lang='grc' dir='ltr'>γὰρ</span> 
     </span>
     <span class='ocr_line' id='line_1_24' title="bbox 216 2800 1256 2877; baseline -0.005 -14"><span class='ocrx_word' id='word_1_162' title='bbox 216 2804 444 2874; x_wconf 58' lang='lat' dir='ltr'>eit-58²1,</span> <span class='ocrx_word' id='word_1_163' title='bbox 472 2800 566 2861; x_wconf 74' lang='grc' dir='ltr'>οἷον</span> <span class='ocrx_word' id='word_1_164' title='bbox 591 2806 761 2877; x_wconf 73' lang='grc' dir='ltr'><strong>πυροὶ,</strong></span> <span class='ocrx_word' id='word_1_165' title='bbox 779 2808 962 2877; x_wconf 75' lang='grc' dir='ltr'><strong>κριθαὶ,</strong></span> <span class='ocrx_word' id='word_1_166' title='bbox 984 2814 1088 2861; x_wconf 83' lang='lat' dir='ltr'>ete.</span> <span class='ocrx_word' id='word_1_167' title='bbox 1112 2810 1256 2867; x_wconf 79' lang='grc' dir='ltr'><strong>Σῖτος</strong></span> 
     </span>
     <span class='ocr_line' id='line_1_25' title="bbox 217 2888 1254 2959; baseline -0.003 -17"><span class='ocrx_word' id='word_1_168' title='bbox 217 2890 388 2959; x_wconf 72' lang='lat' dir='ltr'>igitur</span> <span class='ocrx_word' id='word_1_169' title='bbox 411 2890 740 2941; x_wconf 77' lang='lat' dir='ltr'>frumentum</span> <span class='ocrx_word' id='word_1_170' title='bbox 766 2899 847 2939; x_wconf 73' lang='lat' dir='ltr'>est</span> <span class='ocrx_word' id='word_1_171' title='bbox 861 2927 876 2950; x_wconf 89' lang='lat'>,</span> <span class='ocrx_word' id='word_1_172' title='bbox 901 2888 970 2939; x_wconf 82' lang='lat' dir='ltr'>du</span> <span class='ocrx_word' id='word_1_173' title='bbox 989 2888 1081 2940; x_wconf 79' lang='lat' dir='ltr'>ble&#39;.</span> <span class='ocrx_word' id='word_1_174' title='bbox 1098 2888 1254 2958; x_wconf 72' lang='grc' dir='ltr'>Πυρδς</span> 
     </span>
     <span class='ocr_line' id='line_1_26' title="bbox 219 2964 1256 3038; baseline -0.004 -16"><span class='ocrx_word' id='word_1_175' title='bbox 219 2971 484 3033; x_wconf 77' lang='lat' dir='ltr'>triticum,</span> <span class='ocrx_word' id='word_1_176' title='bbox 493 2968 792 3034; x_wconf 68' lang='lat' dir='ltr'>deest-omem.</span> <span class='ocrx_word' id='word_1_177' title='bbox 804 2969 954 3038; x_wconf 76' lang='grc' dir='ltr'>Κριθὴ</span> <span class='ocrx_word' id='word_1_178' title='bbox 969 2964 1256 3032; x_wconf 79' lang='lat' dir='ltr'>hordeum,</span> 
     </span>
     <span class='ocr_line' id='line_1_27' title="bbox 217 3048 694 3119; baseline -0.004 -18"><span class='ocrx_word' id='word_1_179' title='bbox 217 3050 284 3101; x_wconf 76' lang='lat' dir='ltr'>de</span> <span class='ocrx_word' id='word_1_180' title='bbox 310 3050 490 3119; x_wconf 66' lang='lat' dir='ltr'>I&#39;orge.</span> <span class='ocrx_word' id='word_1_181' title='bbox 513 3048 694 3101; x_wconf 62' lang='lat' dir='ltr'>Han.</span> 
     </span>
    </p>

    <p class='ocr_par' dir='ltr' id='par_1_9' title="bbox 215 3125 1258 3603">
     <span class='ocr_line' id='line_1_28' title="bbox 304 3125 1256 3197; baseline -0.002 -16"><span class='ocrx_word' id='word_1_182' title='bbox 304 3130 384 3182; x_wconf 76' lang='lat' dir='ltr'>X.</span> <span class='ocrx_word' id='word_1_183' title='bbox 417 3146 440 3181; x_wconf 74' lang='grc' dir='ltr'>ι</span> <span class='ocrx_word' id='word_1_184' title='bbox 454 3166 468 3181; x_wconf 94' lang='grc'><strong>.</strong></span> <span class='ocrx_word' id='word_1_185' title='bbox 494 3128 594 3179; x_wconf 81' lang='lat' dir='ltr'>Per</span> <span class='ocrx_word' id='word_1_186' title='bbox 614 3139 824 3197; x_wconf 77' lang='lat' dir='ltr'>tempora</span> <span class='ocrx_word' id='word_1_187' title='bbox 845 3138 954 3179; x_wconf 75' lang='lat' dir='ltr'>satu</span> <span class='ocrx_word' id='word_1_188' title='bbox 975 3125 1256 3179; x_wconf 64' lang='lat' dir='ltr'>diuisa.Vel</span> 
     </span>
     <span class='ocr_line' id='line_1_29' title="bbox 215 3205 1258 3277; baseline -0.003 -16"><span class='ocrx_word' id='word_1_189' title='bbox 215 3222 363 3261; x_wconf 70' lang='lat' dir='ltr'>sam</span> <span class='ocrx_word' id='word_1_190' title='bbox 378 3228 399 3260; x_wconf 91' lang='grc'>.·</span> <span class='ocrx_word' id='word_1_191' title='bbox 418 3208 522 3260; x_wconf 87' lang='lat' dir='ltr'>hoc</span> <span class='ocrx_word' id='word_1_192' title='bbox 549 3220 656 3272; x_wconf 74' lang='lat' dir='ltr'>eet,</span> <span class='ocrx_word' id='word_1_193' title='bbox 680 3208 894 3260; x_wconf 73' lang='lat' dir='ltr'>sationis</span> <span class='ocrx_word' id='word_1_194' title='bbox 919 3219 1162 3277; x_wconf 83' lang='lat' dir='ltr'>tempore</span> <span class='ocrx_word' id='word_1_195' title='bbox 1177 3205 1258 3258; x_wconf 87' lang='lat' dir='ltr'>in-</span> 
     </span>
     <span class='ocr_line' id='line_1_30' title="bbox 217 3285 1256 3357; baseline -0.006 -15"><span class='ocrx_word' id='word_1_196' title='bbox 217 3302 308 3342; x_wconf 78' lang='lat' dir='ltr'>ter</span> <span class='ocrx_word' id='word_1_197' title='bbox 333 3307 393 3342; x_wconf 69' lang='lat' dir='ltr'>ce</span> <span class='ocrx_word' id='word_1_198' title='bbox 413 3286 639 3341; x_wconf 76' lang='lat' dir='ltr'>discreta</span> <span class='ocrx_word' id='word_1_199' title='bbox 669 3306 732 3340; x_wconf 80' lang='lat' dir='ltr'>ac</span> <span class='ocrx_word' id='word_1_200' title='bbox 756 3286 923 3343; x_wconf 76' lang='lat' dir='ltr'>divisa</span> <span class='ocrx_word' id='word_1_201' title='bbox 941 3285 1256 3357; x_wconf 84' lang='lat' dir='ltr'>Theophra·</span> 
     </span>
     <span class='ocr_line' id='line_1_31' title="bbox 217 3362 1253 3438; baseline -0.004 -16"><span class='ocrx_word' id='word_1_202' title='bbox 217 3382 306 3422; x_wconf 71' lang='lat' dir='ltr'>sto</span> <span class='ocrx_word' id='word_1_203' title='bbox 323 3388 340 3423; x_wconf 92' lang='lat'>:</span> <span class='ocrx_word' id='word_1_204' title='bbox 363 3362 486 3438; x_wconf 69' lang='grc' dir='ltr'>ὧραι</span> <span class='ocrx_word' id='word_1_205' title='bbox 511 3362 570 3421; x_wconf 66' lang='grc' dir='ltr'>δὲ</span> <span class='ocrx_word' id='word_1_206' title='bbox 599 3372 682 3421; x_wconf 80' lang='grc' dir='ltr'>τοῦ</span> <span class='ocrx_word' id='word_1_207' title='bbox 710 3369 892 3438; x_wconf 74' lang='grc' dir='ltr'>σπόρου</span> <span class='ocrx_word' id='word_1_208' title='bbox 921 3374 1015 3419; x_wconf 75' lang='grc' dir='ltr'>τῶν</span> <span class='ocrx_word' id='word_1_209' title='bbox 1042 3366 1253 3425; x_wconf 76' lang='grc' dir='ltr'><strong>πλείςων</strong></span> 
     </span>
     <span class='ocr_line' id='line_1_32' title="bbox 216 3445 1256 3517; baseline -0.004 -16"><span class='ocrx_word' id='word_1_210' title='bbox 216 3445 336 3503; x_wconf 70' lang='grc' dir='ltr'>δύο.</span> <span class='ocrx_word' id='word_1_211' title='bbox 388 3448 577 3501; x_wconf 73' lang='lat' dir='ltr'>-Satun</span> <span class='ocrx_word' id='word_1_212' title='bbox 620 3446 707 3501; x_wconf 77' lang='lat' dir='ltr'>vel</span> <span class='ocrx_word' id='word_1_213' title='bbox 734 3446 982 3500; x_wconf 71' lang='lat' dir='ltr'>sementis</span> <span class='ocrx_word' id='word_1_214' title='bbox 1012 3458 1256 3517; x_wconf 81' lang='lat' dir='ltr'>tempora</span> 
     </span>
     <span class='ocr_line' id='line_1_33' title="bbox 218 3524 1187 3603; baseline -0.005 -20"><span class='ocrx_word' id='word_1_215' title='bbox 218 3542 284 3583; x_wconf 81' lang='lat' dir='ltr'>nt</span> <span class='ocrx_word' id='word_1_216' title='bbox 313 3527 608 3603; x_wconf 81' lang='lat' dir='ltr'>plurimum</span> <span class='ocrx_word' id='word_1_217' title='bbox 632 3526 743 3579; x_wconf 88' lang='lat' dir='ltr'>duo</span> <span class='ocrx_word' id='word_1_218' title='bbox 765 3538 1037 3580; x_wconf 80' lang='lat' dir='ltr'>notamur.</span> <span class='ocrx_word' id='word_1_219' title='bbox 1060 3552 1083 3573; x_wconf 73' lang='grc' dir='ltr'><strong>ι</strong></span> <span class='ocrx_word' id='word_1_220' title='bbox 1117 3524 1187 3577; x_wconf 86' lang='grc' dir='ltr'>Η.</span> 
     </span>
    </p>

    <p class='ocr_par' dir='ltr' id='par_1_10' title="bbox 215 3606 1265 4239">
     <span class='ocr_line' id='line_1_34' title="bbox 311 3606 1254 3677; baseline -0.006 -14"><span class='ocrx_word' id='word_1_221' title='bbox 311 3630 364 3663; x_wconf 76' lang='lat'>2.</span> <span class='ocrx_word' id='word_1_222' title='bbox 403 3608 462 3659; x_wconf 83' lang='lat' dir='ltr'>V</span> <span class='ocrx_word' id='word_1_223' title='bbox 453 3607 736 3677; x_wconf 66' lang='lat' dir='ltr'>ugilius-emt</span> <span class='ocrx_word' id='word_1_224' title='bbox 769 3624 1002 3661; x_wconf 67' lang='lat' dir='ltr'>occasum·</span> <span class='ocrx_word' id='word_1_225' title='bbox 1041 3606 1120 3659; x_wconf 88' lang='lat' dir='ltr'>De</span> <span class='ocrx_word' id='word_1_226' title='bbox 1143 3622 1254 3677; x_wconf 89' lang='lat' dir='ltr'>quo</span> 
     </span>
     <span class='ocr_line' id='line_1_35' title="bbox 217 3684 1253 3756; baseline -0.002 -15"><span class='ocrx_word' id='word_1_227' title='bbox 217 3687 437 3742; x_wconf 78' lang='lat' dir='ltr'>dicetur</span> <span class='ocrx_word' id='word_1_228' title='bbox 463 3706 512 3741; x_wconf 88' lang='lat' dir='ltr'>c.</span> <span class='ocrx_word' id='word_1_229' title='bbox 549 3687 654 3755; x_wconf 80' lang='lat'>593</span> <span class='ocrx_word' id='word_1_230' title='bbox 681 3684 750 3741; x_wconf 84' lang='lat' dir='ltr'>de</span> <span class='ocrx_word' id='word_1_231' title='bbox 767 3698 989 3749; x_wconf 84' lang='lat' dir='ltr'>exortu,</span> <span class='ocrx_word' id='word_1_232' title='bbox 1021 3704 1137 3756; x_wconf 73' lang='lat' dir='ltr'>cap.</span> <span class='ocrx_word' id='word_1_233' title='bbox 1157 3686 1253 3739; x_wconf 83' lang='lat'>66.</span> 
     </span>
     <span class='ocr_line' id='line_1_36' title="bbox 221 3764 1256 3838; baseline -0.007 -15"><span class='ocrx_word' id='word_1_234' title='bbox 221 3768 584 3823; x_wconf 76' lang='lat' dir='ltr'>Columellam</span> <span class='ocrx_word' id='word_1_235' title='bbox 607 3779 660 3822; x_wconf 84' lang='lat' dir='ltr'>et</span> <span class='ocrx_word' id='word_1_236' title='bbox 680 3766 972 3838; x_wconf 83' lang='lat' dir='ltr'>Virgilium</span> <span class='ocrx_word' id='word_1_237' title='bbox 1000 3764 1256 3837; x_wconf 73' lang='lat' dir='ltr'>sequitur.</span> 
     </span>
     <span class='ocr_line' id='line_1_37' title="bbox 217 3846 1254 3917; baseline -0.005 -14"><span class='ocrx_word' id='word_1_238' title='bbox 217 3850 280 3902; x_wconf 68' lang='lat'>1⁸</span> <span class='ocrx_word' id='word_1_239' title='bbox 293 3848 442 3903; x_wconf 80' lang='lat' dir='ltr'>enim</span> <span class='ocrx_word' id='word_1_240' title='bbox 461 3846 532 3900; x_wconf 88' lang='lat' dir='ltr'>de</span> <span class='ocrx_word' id='word_1_241' title='bbox 551 3848 631 3900; x_wconf 83' lang='lat' dir='ltr'>Re</span> <span class='ocrx_word' id='word_1_242' title='bbox 653 3848 803 3900; x_wconf 77' lang='lat' dir='ltr'>Rust.</span> <span class='ocrx_word' id='word_1_243' title='bbox 828 3846 923 3899; x_wconf 87' lang='lat' dir='ltr'>lib.</span> <span class='ocrx_word' id='word_1_244' title='bbox 939 3847 1023 3910; x_wconf 89' lang='lat'>11,</span> <span class='ocrx_word' id='word_1_245' title='bbox 1043 3864 1158 3917; x_wconf 79' lang='lat' dir='ltr'>cap.</span> <span class='ocrx_word' id='word_1_246' title='bbox 1188 3847 1254 3898; x_wconf 83' lang='lat'>8:</span> 
     </span>
     <span class='ocr_line' id='line_1_38' title="bbox 227 3924 1260 3997; baseline -0.005 -15"><span class='ocrx_word' id='word_1_247' title='bbox 227 3956 254 3976; x_wconf 74' lang='grc' dir='ltr'>ι</span> <span class='ocrx_word' id='word_1_248' title='bbox 277 3929 462 3982; x_wconf 71' lang='lat' dir='ltr'>Placet</span> <span class='ocrx_word' id='word_1_249' title='bbox 481 3938 666 3980; x_wconf 70' lang='lat' dir='ltr'>nostro</span> <span class='ocrx_word' id='word_1_250' title='bbox 687 3938 854 3997; x_wconf 64' lang='lat' dir='ltr'>poeta</span> <span class='ocrx_word' id='word_1_251' title='bbox 870 3965 885 3991; x_wconf 88' lang='lat'><strong><em>‚</em></strong></span> <span class='ocrx_word' id='word_1_252' title='bbox 911 3926 1084 3997; x_wconf 84' lang='lat' dir='ltr'>inquit</span> <span class='ocrx_word' id='word_1_253' title='bbox 1097 3964 1113 3990; x_wconf 88' lang='lat'>,</span> <span class='ocrx_word' id='word_1_254' title='bbox 1128 3924 1260 3978; x_wconf 82' lang='lat' dir='ltr'>ado-</span> 
     </span>
     <span class='ocr_line' id='line_1_39' title="bbox 217 4006 1258 4078; baseline -0.006 -15"><span class='ocrx_word' id='word_1_255' title='bbox 217 4027 414 4070; x_wconf 79' lang='lat' dir='ltr'>reum,</span> <span class='ocrx_word' id='word_1_256' title='bbox 445 4019 606 4078; x_wconf 71' lang='lat' dir='ltr'>atque</span> <span class='ocrx_word' id='word_1_257' title='bbox 647 4006 806 4063; x_wconf 73' lang='lat' dir='ltr'>etiam</span> <span class='ocrx_word' id='word_1_258' title='bbox 847 4006 1118 4071; x_wconf 88' lang='lat' dir='ltr'>triticum,</span> <span class='ocrx_word' id='word_1_259' title='bbox 1148 4022 1258 4057; x_wconf 88' lang='lat' dir='ltr'>non</span> 
     </span>
     <span class='ocr_line' id='line_1_40' title="bbox 215 4084 1265 4157; baseline -0.003 -17"><span class='ocrx_word' id='word_1_260' title='bbox 215 4102 346 4140; x_wconf 76' lang='lat' dir='ltr'>ante</span> <span class='ocrx_word' id='word_1_261' title='bbox 399 4090 664 4140; x_wconf 68' lang='lat' dir='ltr'>seminare</span> <span class='ocrx_word' id='word_1_262' title='bbox 690 4122 709 4151; x_wconf 82' lang='lat'><strong>‚</strong></span> <span class='ocrx_word' id='word_1_263' title='bbox 753 4104 911 4157; x_wconf 79' lang='lat' dir='ltr'>quam</span> <span class='ocrx_word' id='word_1_264' title='bbox 967 4084 1265 4139; x_wconf 85' lang='lat' dir='ltr'>occiderint</span> 
     </span>
     <span class='ocr_line' id='line_1_41' title="bbox 223 4164 1264 4239; baseline -0.001 -20"><span class='ocrx_word' id='word_1_265' title='bbox 223 4168 482 4239; x_wconf 67' lang='lat' dir='ltr'>Vergilio</span> <span class='ocrx_word' id='word_1_266' title='bbox 507 4184 520 4220; x_wconf 88' lang='lat'><strong>:</strong></span> <span class='ocrx_word' id='word_1_267' title='bbox 544 4164 694 4239; x_wconf 87' lang='lat' dir='ltr'>quod</span> <span class='ocrx_word' id='word_1_268' title='bbox 717 4165 893 4237; x_wconf 71' lang='lat' dir='ltr'>ipsum</span> <span class='ocrx_word' id='word_1_269' title='bbox 925 4166 1162 4219; x_wconf 79' lang='lat' dir='ltr'>numeris</span> <span class='ocrx_word' id='word_1_270' title='bbox 1188 4164 1264 4219; x_wconf 75' lang='lat' dir='ltr'>sic</span> 
     </span>
    </p>
   </div>
   <div class='ocr_carea' id='block_1_9' title="bbox 1337 2325 2383 2625">
    <p class='ocr_par' dir='ltr' id='par_1_11' title="bbox 1337 2325 2383 2625">
     <span class='ocr_line' id='line_1_42' title="bbox 1339 2325 2383 2397; baseline 0.003 -15"><span class='ocrx_word' id='word_1_271' title='bbox 1339 2325 1606 2382; x_wconf 76' lang='lat' dir='ltr'>edisserit·</span> <span class='ocrx_word' id='word_1_272' title='bbox 1620 2332 1721 2381; x_wconf 71' lang='lat' dir='ltr'>nAt</span> <span class='ocrx_word' id='word_1_273' title='bbox 1732 2327 1773 2381; x_wconf 79' lang='lat' dir='ltr'>si</span> <span class='ocrx_word' id='word_1_274' title='bbox 1790 2327 2048 2381; x_wconf 81' lang='lat' dir='ltr'>triticeam</span> <span class='ocrx_word' id='word_1_275' title='bbox 2062 2328 2119 2382; x_wconf 88' lang='lat' dir='ltr'>in</span> <span class='ocrx_word' id='word_1_276' title='bbox 2131 2348 2383 2397; x_wconf 75' lang='lat' dir='ltr'>messem,-</span> 
     </span>
     <span class='ocr_line' id='line_1_43' title="bbox 1337 2407 2374 2478; baseline 0.004 -18"><span class='ocrx_word' id='word_1_277' title='bbox 1337 2407 1668 2478; x_wconf 75' lang='lat' dir='ltr'>robustaque</span> <span class='ocrx_word' id='word_1_278' title='bbox 1714 2407 1855 2460; x_wconf 77' lang='lat' dir='ltr'>farra</span> <span class='ocrx_word' id='word_1_279' title='bbox 1873 2446 1889 2472; x_wconf 90' lang='lat'>,</span> <span class='ocrx_word' id='word_1_280' title='bbox 1934 2407 2222 2464; x_wconf 79' lang='lat' dir='ltr'>Exercebis</span> <span class='ocrx_word' id='word_1_281' title='bbox 2268 2412 2374 2464; x_wconf 89' lang='lat' dir='ltr'>hu·</span> 
     </span>
     <span class='ocr_line' id='line_1_44' title="bbox 1337 2487 2375 2558; baseline 0.006 -20"><span class='ocrx_word' id='word_1_282' title='bbox 1337 2503 1486 2538; x_wconf 89' lang='lat' dir='ltr'>mum</span> <span class='ocrx_word' id='word_1_283' title='bbox 1499 2525 1514 2547; x_wconf 89' lang='lat'>,</span> <span class='ocrx_word' id='word_1_284' title='bbox 1539 2487 1770 2558; x_wconf 73' lang='lat' dir='ltr'>solisque</span> <span class='ocrx_word' id='word_1_285' title='bbox 1788 2487 2009 2540; x_wconf 78' lang='lat' dir='ltr'>instabis</span> <span class='ocrx_word' id='word_1_286' title='bbox 2026 2489 2197 2544; x_wconf 77' lang='lat' dir='ltr'>aristis</span> <span class='ocrx_word' id='word_1_287' title='bbox 2210 2493 2375 2544; x_wconf 84' lang='lat' dir='ltr'>:Ante</span> 
     </span>
     <span class='ocr_line' id='line_1_45' title="bbox 1340 2565 2366 2625; baseline 0.001 -6"><span class='ocrx_word' id='word_1_288' title='bbox 1340 2566 1438 2619; x_wconf 83' lang='lat' dir='ltr'>tibi</span> <span class='ocrx_word' id='word_1_289' title='bbox 1456 2565 1585 2619; x_wconf 75' lang='lat' dir='ltr'>Eoae</span> <span class='ocrx_word' id='word_1_290' title='bbox 1599 2565 1892 2621; x_wconf 75' lang='lat' dir='ltr'>Atlantides</span> <span class='ocrx_word' id='word_1_291' title='bbox 1909 2567 2320 2625; x_wconf 81' lang='lat' dir='ltr'>abscondantur.</span> <span class='ocrx_word' id='word_1_292' title='bbox 2342 2598 2366 2620; x_wconf 66' lang='grc' dir='ltr'>ι</span> 
     </span>
    </p>
   </div>
   <div class='ocr_carea' id='block_1_10' title="bbox 1309 2645 2375 2706">
    <p class='ocr_par' dir='ltr' id='par_1_12' title="bbox 1309 2645 2375 2706">
     <span class='ocr_line' id='line_1_46' title="bbox 1309 2645 2375 2706; baseline 0.008 -8"><span class='ocrx_word' id='word_1_293' title='bbox 1309 2682 1320 2697; x_wconf 93' lang='grc'><strong>.</strong></span> <span class='ocrx_word' id='word_1_294' title='bbox 1339 2645 1755 2700; x_wconf 78' lang='lat' dir='ltr'>Absconduntur</span> <span class='ocrx_word' id='word_1_295' title='bbox 1793 2659 1971 2700; x_wconf 81' lang='lat' dir='ltr'>autem</span> <span class='ocrx_word' id='word_1_296' title='bbox 1998 2650 2167 2703; x_wconf 83' lang='lat' dir='ltr'>altero</span> <span class='ocrx_word' id='word_1_297' title='bbox 2194 2664 2247 2703; x_wconf 86' lang='lat' dir='ltr'>et</span> <span class='ocrx_word' id='word_1_298' title='bbox 2280 2653 2375 2706; x_wconf 88' lang='lat' dir='ltr'>tri·</span> 
     </span>
    </p>
   </div>
   <div class='ocr_carea' id='block_1_11' title="bbox 1341 2725 2380 4219">
    <p class='ocr_par' dir='ltr' id='par_1_13' title="bbox 1341 2725 2377 3359">
     <span class='ocr_line' id='line_1_47' title="bbox 1341 2725 2377 2802; baseline 0.004 -22"><span class='ocrx_word' id='word_1_299' title='bbox 1341 2727 1542 2798; x_wconf 79' lang='lat' dir='ltr'>gesimo</span> <span class='ocrx_word' id='word_1_300' title='bbox 1569 2725 1659 2780; x_wconf 88' lang='lat' dir='ltr'>die</span> <span class='ocrx_word' id='word_1_301' title='bbox 1678 2739 1799 2799; x_wconf 79' lang='lat' dir='ltr'>post</span> <span class='ocrx_word' id='word_1_302' title='bbox 1816 2730 2122 2783; x_wconf 82' lang='lat' dir='ltr'>autumnale</span> <span class='ocrx_word' id='word_1_303' title='bbox 2145 2732 2377 2802; x_wconf 77' lang='lat' dir='ltr'>aequino-</span> 
     </span>
     <span class='ocr_line' id='line_1_48' title="bbox 1342 2805 2374 2876; baseline 0.004 -16"><span class='ocrx_word' id='word_1_304' title='bbox 1342 2806 1506 2860; x_wconf 84' lang='lat' dir='ltr'>ctium</span> <span class='ocrx_word' id='word_1_305' title='bbox 1523 2845 1538 2871; x_wconf 92' lang='lat'>,</span> <span class='ocrx_word' id='word_1_306' title='bbox 1575 2805 1720 2876; x_wconf 89' lang='lat' dir='ltr'>quod</span> <span class='ocrx_word' id='word_1_307' title='bbox 1756 2806 1867 2860; x_wconf 78' lang='lat' dir='ltr'>fere</span> <span class='ocrx_word' id='word_1_308' title='bbox 1905 2808 2188 2864; x_wconf 78' lang='lat' dir='ltr'>conficitur</span> <span class='ocrx_word' id='word_1_309' title='bbox 2228 2830 2374 2864; x_wconf 90' lang='lat' dir='ltr'>nono</span> 
     </span>
     <span class='ocr_line' id='line_1_49' title="bbox 1342 2885 2376 2961; baseline 0.004 -21"><span class='ocrx_word' id='word_1_310' title='bbox 1342 2885 1597 2940; x_wconf 74' lang='lat' dir='ltr'>kalendas</span> <span class='ocrx_word' id='word_1_311' title='bbox 1645 2887 1881 2940; x_wconf 83' lang='lat' dir='ltr'>octobris</span> <span class='ocrx_word' id='word_1_312' title='bbox 1909 2904 1925 2938; x_wconf 74' lang='grc' dir='ltr'><em>ε</em></span> <span class='ocrx_word' id='word_1_313' title='bbox 1960 2901 2182 2960; x_wconf 80' lang='lat' dir='ltr'>propter</span> <span class='ocrx_word' id='word_1_314' title='bbox 2227 2890 2376 2961; x_wconf 90' lang='lat' dir='ltr'>quod</span> 
     </span>
     <span class='ocr_line' id='line_1_50' title="bbox 1341 2964 2375 3037; baseline 0.004 -18"><span class='ocrx_word' id='word_1_315' title='bbox 1341 2966 1570 3037; x_wconf 76' lang='lat' dir='ltr'>intelligi</span> <span class='ocrx_word' id='word_1_316' title='bbox 1602 2964 1767 3020; x_wconf 82' lang='lat' dir='ltr'>debet</span> <span class='ocrx_word' id='word_1_317' title='bbox 1805 2967 1969 3021; x_wconf 73' lang='lat' dir='ltr'>tritici</span> <span class='ocrx_word' id='word_1_318' title='bbox 2012 2969 2143 3022; x_wconf 76' lang='lat' dir='ltr'>satio</span> <span class='ocrx_word' id='word_1_319' title='bbox 2184 2968 2375 3023; x_wconf 66' lang='lat' dir='ltr'>diebus</span> 
     </span>
     <span class='ocr_line' id='line_1_51' title="bbox 1343 3044 2375 3118; baseline 0.003 -19"><span class='ocrx_word' id='word_1_320' title='bbox 1343 3064 1438 3099; x_wconf 75' lang='lat' dir='ltr'>sex</span> <span class='ocrx_word' id='word_1_321' title='bbox 1456 3060 1509 3100; x_wconf 88' lang='lat' dir='ltr'>et</span> <span class='ocrx_word' id='word_1_322' title='bbox 1526 3044 1877 3118; x_wconf 79' lang='lat' dir='ltr'>quadraginta</span> <span class='ocrx_word' id='word_1_323' title='bbox 1894 3086 1909 3110; x_wconf 90' lang='lat'>,</span> <span class='ocrx_word' id='word_1_324' title='bbox 1932 3048 2000 3099; x_wconf 85' lang='lat' dir='ltr'>ab</span> <span class='ocrx_word' id='word_1_325' title='bbox 2024 3066 2213 3102; x_wconf 82' lang='lat' dir='ltr'>occasu</span> <span class='ocrx_word' id='word_1_326' title='bbox 2234 3050 2375 3102; x_wconf 86' lang='lat' dir='ltr'>Ver-</span> 
     </span>
     <span class='ocr_line' id='line_1_52' title="bbox 1342 3125 2374 3198; baseline 0.004 -20"><span class='ocrx_word' id='word_1_327' title='bbox 1342 3126 1620 3198; x_wconf 83' lang='lat' dir='ltr'>giliarum,</span> <span class='ocrx_word' id='word_1_328' title='bbox 1654 3126 1747 3197; x_wconf 88' lang='lat' dir='ltr'>qui</span> <span class='ocrx_word' id='word_1_329' title='bbox 1774 3126 1836 3179; x_wconf 78' lang='lat' dir='ltr'>fit</span> <span class='ocrx_word' id='word_1_330' title='bbox 1870 3139 1991 3178; x_wconf 83' lang='lat' dir='ltr'>ante</span> <span class='ocrx_word' id='word_1_331' title='bbox 2016 3125 2159 3179; x_wconf 88' lang='lat' dir='ltr'>diem</span> <span class='ocrx_word' id='word_1_332' title='bbox 2193 3130 2374 3182; x_wconf 73' lang='lat' dir='ltr'>1x&#39;ka-</span> 
     </span>
     <span class='ocr_line' id='line_1_53' title="bbox 1341 3204 2374 3271; baseline 0.003 -12"><span class='ocrx_word' id='word_1_333' title='bbox 1341 3204 1526 3259; x_wconf 68' lang='lat' dir='ltr'>lendes</span> <span class='ocrx_word' id='word_1_334' title='bbox 1544 3205 1878 3271; x_wconf 77' lang='lat' dir='ltr'>novembris,</span> <span class='ocrx_word' id='word_1_335' title='bbox 1900 3204 1969 3258; x_wconf 86' lang='lat' dir='ltr'>ad</span> <span class='ocrx_word' id='word_1_336' title='bbox 1991 3206 2198 3261; x_wconf 64' lang='lat' dir='ltr'>bruma</span> <span class='ocrx_word' id='word_1_337' title='bbox 2237 3219 2374 3261; x_wconf 87' lang='lat' dir='ltr'>tem·</span> 
     </span>
     <span class='ocr_line' id='line_1_54' title="bbox 1341 3286 1770 3359; baseline -0.009 -20"><span class='ocrx_word' id='word_1_338' title='bbox 1341 3304 1493 3359; x_wconf 76' lang='lat' dir='ltr'>pora.</span> <span class='ocrx_word' id='word_1_339' title='bbox 1519 3310 1542 3333; x_wconf 69' lang='lat' dir='ltr'>a</span> <span class='ocrx_word' id='word_1_340' title='bbox 1582 3286 1770 3337; x_wconf 72' lang='grc' dir='ltr'><strong>Ῑ-ῙΑΜ).</strong></span> 
     </span>
    </p>

    <p class='ocr_par' dir='ltr' id='par_1_14' title="bbox 1343 3362 2375 3756">
     <span class='ocr_line' id='line_1_55' title="bbox 1428 3362 2370 3436; baseline 0.002 -17"><span class='ocrx_word' id='word_1_341' title='bbox 1428 3366 1481 3419; x_wconf 88' lang='lat'>3.</span> <span class='ocrx_word' id='word_1_342' title='bbox 1513 3364 1725 3417; x_wconf 72' lang='lat' dir='ltr'>Milium.</span> <span class='ocrx_word' id='word_1_343' title='bbox 1747 3364 1898 3435; x_wconf 75' lang='lat' dir='ltr'>Virg.</span> <span class='ocrx_word' id='word_1_344' title='bbox 1925 3362 2122 3436; x_wconf 76' lang='lat' dir='ltr'>Georg.</span> <span class='ocrx_word' id='word_1_345' title='bbox 2138 3366 2196 3432; x_wconf 91' lang='lat'>1,</span> <span class='ocrx_word' id='word_1_346' title='bbox 2231 3384 2293 3419; x_wconf 77' lang='lat'>21</span> <span class='ocrx_word' id='word_1_347' title='bbox 2310 3368 2370 3421; x_wconf 81' lang='lat'>5:</span> 
     </span>
     <span class='ocr_line' id='line_1_56' title="bbox 1351 3444 2375 3517; baseline 0.008 -24"><span class='ocrx_word' id='word_1_348' title='bbox 1351 3470 1374 3493; x_wconf 66' lang='grc' dir='ltr'><strong><em>α</em></strong></span> <span class='ocrx_word' id='word_1_349' title='bbox 1397 3446 1542 3498; x_wconf 84' lang='lat' dir='ltr'>Vere</span> <span class='ocrx_word' id='word_1_350' title='bbox 1565 3444 1701 3497; x_wconf 76' lang='lat' dir='ltr'>fabis</span> <span class='ocrx_word' id='word_1_351' title='bbox 1723 3444 1890 3510; x_wconf 75' lang='lat' dir='ltr'>sati03</span> <span class='ocrx_word' id='word_1_352' title='bbox 1918 3454 2031 3496; x_wconf 81' lang='lat' dir='ltr'>tum</span> <span class='ocrx_word' id='word_1_353' title='bbox 2057 3458 2110 3499; x_wconf 90' lang='lat' dir='ltr'>te</span> <span class='ocrx_word' id='word_1_354' title='bbox 2131 3464 2344 3517; x_wconf 85' lang='lat' dir='ltr'>quoque</span> <span class='ocrx_word' id='word_1_355' title='bbox 2358 3487 2375 3513; x_wconf 83' lang='lat'>,</span> 
     </span>
     <span class='ocr_line' id='line_1_57' title="bbox 1343 3522 2371 3596; baseline 0.003 -19"><span class='ocrx_word' id='word_1_356' title='bbox 1343 3522 1552 3577; x_wconf 73' lang='lat' dir='ltr'>Medica</span> <span class='ocrx_word' id='word_1_357' title='bbox 1569 3563 1586 3589; x_wconf 88' lang='lat'>‚</span> <span class='ocrx_word' id='word_1_358' title='bbox 1632 3536 1817 3596; x_wconf 77' lang='lat' dir='ltr'>putres</span> <span class='ocrx_word' id='word_1_359' title='bbox 1856 3524 2144 3596; x_wconf 84' lang='lat' dir='ltr'>Accipiunt</span> <span class='ocrx_word' id='word_1_360' title='bbox 2191 3524 2322 3579; x_wconf 77' lang='lat' dir='ltr'>sulci</span> <span class='ocrx_word' id='word_1_361' title='bbox 2357 3546 2371 3581; x_wconf 75' lang='grc' dir='ltr'><strong><em>ε</em></strong></span> 
     </span>
     <span class='ocr_line' id='line_1_58' title="bbox 1345 3604 2374 3661; baseline 0.002 -3"><span class='ocrx_word' id='word_1_362' title='bbox 1345 3617 1398 3658; x_wconf 92' lang='lat' dir='ltr'>et</span> <span class='ocrx_word' id='word_1_363' title='bbox 1426 3604 1576 3657; x_wconf 87' lang='lat' dir='ltr'>milio</span> <span class='ocrx_word' id='word_1_364' title='bbox 1600 3604 1747 3658; x_wconf 80' lang='lat' dir='ltr'>venit</span> <span class='ocrx_word' id='word_1_365' title='bbox 1788 3622 1962 3658; x_wconf 81' lang='lat' dir='ltr'>annua</span> <span class='ocrx_word' id='word_1_366' title='bbox 2004 3622 2147 3659; x_wconf 73' lang='lat' dir='ltr'>cura.</span> <span class='ocrx_word' id='word_1_367' title='bbox 2174 3632 2197 3653; x_wconf 73' lang='grc' dir='ltr'><strong>ι</strong></span> <span class='ocrx_word' id='word_1_368' title='bbox 2232 3605 2374 3661; x_wconf 86' lang='lat' dir='ltr'>Vide</span> 
     </span>
     <span class='ocr_line' id='line_1_59' title="bbox 1345 3684 2157 3756; baseline 0 -19"><span class='ocrx_word' id='word_1_369' title='bbox 1345 3684 1597 3737; x_wconf 74' lang='lat' dir='ltr'>Seneoem</span> <span class='ocrx_word' id='word_1_370' title='bbox 1618 3724 1633 3751; x_wconf 93' lang='lat'>,</span> <span class='ocrx_word' id='word_1_371' title='bbox 1651 3684 1804 3756; x_wconf 76' lang='lat' dir='ltr'>epist.</span> <span class='ocrx_word' id='word_1_372' title='bbox 1836 3686 1929 3755; x_wconf 86' lang='lat'>87.</span> <span class='ocrx_word' id='word_1_373' title='bbox 1951 3685 2157 3738; x_wconf 58' lang='lat' dir='ltr'>Dum.</span> 
     </span>
    </p>

    <p class='ocr_par' dir='ltr' id='par_1_15' title="bbox 1345 3764 2376 3915">
     <span class='ocr_line' id='line_1_60' title="bbox 1429 3764 2376 3831; baseline 0.002 -15"><span class='ocrx_word' id='word_1_374' title='bbox 1429 3770 1484 3828; x_wconf 74' lang='grc'>4.</span> <span class='ocrx_word' id='word_1_375' title='bbox 1513 3766 1574 3817; x_wconf 81' lang='lat' dir='ltr'>In</span> <span class='ocrx_word' id='word_1_376' title='bbox 1608 3764 1822 3819; x_wconf 78' lang='lat' dir='ltr'>Groecia.</span> <span class='ocrx_word' id='word_1_377' title='bbox 1854 3765 1917 3816; x_wconf 90' lang='lat' dir='ltr'>In</span> <span class='ocrx_word' id='word_1_378' title='bbox 1946 3764 2181 3831; x_wconf 64' lang='lat' dir='ltr'>Bantia,</span> <span class='ocrx_word' id='word_1_379' title='bbox 2200 3778 2262 3819; x_wconf 88' lang='lat' dir='ltr'>ut</span> <span class='ocrx_word' id='word_1_380' title='bbox 2292 3764 2376 3818; x_wconf 87' lang='lat' dir='ltr'>di-</span> 
     </span>
     <span class='ocr_line' id='line_1_61' title="bbox 1345 3846 1984 3915; baseline 0 -18"><span class='ocrx_word' id='word_1_381' title='bbox 1345 3857 1504 3897; x_wconf 89' lang='lat' dir='ltr'>cetur</span> <span class='ocrx_word' id='word_1_382' title='bbox 1526 3863 1643 3915; x_wconf 82' lang='lat' dir='ltr'>cap.</span> <span class='ocrx_word' id='word_1_383' title='bbox 1678 3846 1765 3898; x_wconf 84' lang='lat'>56.</span> <span class='ocrx_word' id='word_1_384' title='bbox 1796 3846 1984 3897; x_wconf 63' lang='lat' dir='ltr'>Hunn-</span> 
     </span>
    </p>

    <p class='ocr_par' dir='ltr' id='par_1_16' title="bbox 1348 3923 2380 4219">
     <span class='ocr_line' id='line_1_62' title="bbox 1429 3923 2376 3997; baseline -0.001 -19"><span class='ocrx_word' id='word_1_385' title='bbox 1429 3924 1481 3978; x_wconf 82' lang='grc'>5.</span> <span class='ocrx_word' id='word_1_386' title='bbox 1517 3925 1605 3977; x_wconf 69' lang='lat' dir='ltr'>Ex</span> <span class='ocrx_word' id='word_1_387' title='bbox 1645 3925 1718 3977; x_wconf 75' lang='lat' dir='ltr'>his</span> <span class='ocrx_word' id='word_1_388' title='bbox 1754 3925 1993 3997; x_wconf 78' lang='lat' dir='ltr'>quoedam.</span> <span class='ocrx_word' id='word_1_389' title='bbox 2022 3924 2099 3977; x_wconf 88' lang='lat' dir='ltr'>Ut</span> <span class='ocrx_word' id='word_1_390' title='bbox 2126 3923 2333 3977; x_wconf 84' lang='lat' dir='ltr'>milium</span> <span class='ocrx_word' id='word_1_391' title='bbox 2358 3963 2376 3989; x_wconf 84' lang='lat'>,</span> 
     </span>
     <span class='ocr_line' id='line_1_63' title="bbox 1348 4003 2371 4075; baseline 0 -18"><span class='ocrx_word' id='word_1_392' title='bbox 1348 4006 1424 4057; x_wconf 85' lang='lat' dir='ltr'>ita</span> <span class='ocrx_word' id='word_1_393' title='bbox 1452 4003 1684 4075; x_wconf 77' lang='lat' dir='ltr'>Virgilio</span> <span class='ocrx_word' id='word_1_394' title='bbox 1701 4043 1718 4071; x_wconf 88' lang='lat'>,</span> <span class='ocrx_word' id='word_1_395' title='bbox 1746 4004 1947 4075; x_wconf 82' lang='lat' dir='ltr'>Georg.</span> <span class='ocrx_word' id='word_1_396' title='bbox 1974 4006 2030 4065; x_wconf 89' lang='lat'>1,</span> <span class='ocrx_word' id='word_1_397' title='bbox 2060 4022 2195 4056; x_wconf 79' lang='lat' dir='ltr'>vers.</span> <span class='ocrx_word' id='word_1_398' title='bbox 2222 4004 2333 4058; x_wconf 77' lang='lat'>215</span> <span class='ocrx_word' id='word_1_399' title='bbox 2358 4023 2371 4057; x_wconf 92' lang='lat'>:</span> 
     </span>
     <span class='ocr_line' id='line_1_64' title="bbox 1358 4082 2380 4139; baseline 0.002 -5"><span class='ocrx_word' id='word_1_400' title='bbox 1358 4110 1380 4134; x_wconf 71' lang='grc' dir='ltr'>ι</span> <span class='ocrx_word' id='word_1_401' title='bbox 1396 4084 1542 4138; x_wconf 89' lang='lat' dir='ltr'>Vere</span> <span class='ocrx_word' id='word_1_402' title='bbox 1560 4084 1696 4137; x_wconf 80' lang='lat' dir='ltr'>fabis</span> <span class='ocrx_word' id='word_1_403' title='bbox 1718 4084 1863 4137; x_wconf 84' lang='lat' dir='ltr'>satio.</span> <span class='ocrx_word' id='word_1_404' title='bbox 1878 4122 1919 4137; x_wconf 90' lang='lat'>..</span> <span class='ocrx_word' id='word_1_405' title='bbox 1948 4082 2016 4136; x_wconf 77' lang='lat' dir='ltr'>Et</span> <span class='ocrx_word' id='word_1_406' title='bbox 2043 4082 2199 4136; x_wconf 87' lang='lat' dir='ltr'>milio</span> <span class='ocrx_word' id='word_1_407' title='bbox 2231 4083 2380 4139; x_wconf 83' lang='lat' dir='ltr'>venit</span> 
     </span>
     <span class='ocr_line' id='line_1_65' title="bbox 1350 4162 1974 4219; baseline -0.006 -1"><span class='ocrx_word' id='word_1_408' title='bbox 1350 4183 1527 4219; x_wconf 81' lang='lat' dir='ltr'>annua</span> <span class='ocrx_word' id='word_1_409' title='bbox 1553 4180 1706 4217; x_wconf 83' lang='lat' dir='ltr'>cura.</span> <span class='ocrx_word' id='word_1_410' title='bbox 1726 4188 1749 4211; x_wconf 74' lang='grc' dir='ltr'><strong>ι</strong></span> <span class='ocrx_word' id='word_1_411' title='bbox 1794 4162 1974 4217; x_wconf 72' lang='lat' dir='ltr'>Iino.</span> 
     </span>
    </p>
   </div>
  </div>
 </body>
</html>
