3150 5150
934 495 1081 566 292
1452 470 1535 538 c.
1593 444 1931 537 PL1N1'1
1988 470 2207 537 NAT.
2267 470 2524 539 ms‘r.

878 653 889 663 -
932 620 1198 689 rantur,
1236 602 1476 697 quibus
1506 614 1610 670 est
1641 600 1844 673 cura⁷
1901 600 2246 669 insidiandi
2291 604 2714 696 'negotiatoris
2751 607 2995 672 avaritia.

866 734 893 767 ²
936 708 1181 781 Nubilo
1226 732 1467 778 occasu
1510 706 1875 800 pluviosam
1919 707 2200 775 hiemem
2249 707 2642 793 denuntiat;
2701 712 2998 804 statimque

904 830 1174 911 ‘augent
1202 814 1612 885 lacernarum
1638 815 1880 907 pretia:
1901 828 2135 883 sereno
2157 836 2492 909 asperam,
2519 800 2623 883 et⁸
2652 814 2996 909 reliquarum

930 924 1211 991 vestium
1248 918 1638 990 accendunt.
1671 918 1800 988 Sed
1832 918 1943 988 ille
1979 918 2320 989 indocilis⁹
2367 919 2509 989 caeli
2545 920 2853 1015 agricola,
2899 922 2998 990 hoc

928 1030 1185 1123 signum
1220 1026 1461 1097 habeat
1496 1026 1668 1093 inter
1701 1049 1858 1094 suos
1883 1050 2160 1120 vepres,
2199 1026 2612 1121 humumque
2649 1050 2828 1096 suam
2861 1032 2997 1121 aspi-

924 1136 1139 1221 ciens,
1166 1158 1375 1229 quum
1406 1131 1565 1201 folia
1599 1130 1840 1201 viderit
1865 1131 2166 1201 decidua.
2199 1133 2306 1201 Sic
2337 1132 2668 1202 indicatur
2701 1136 2846 1201 anni
2869 1149 2996 1201 tem·

826 1294 835 1305 .
925 1241 1139 1335 peries
1160 1295 1180 1325 ‚
1207 1238 1367 1308 alibi
1398 1236 1684 1322 tardius,
1721 1236 1874 1307 alibi
1910 1240 2251 1307 maturius.
2291 1241 2396 1307 Ita
2431 1240 2607 1308 enim
2641 1241 2921 1325 sentitur,
2942 1255 2994 1307 ut

924 1346 1063 1416 raeli
1088 1346 1347 1440 locique
1384 1344 1595 1413 afficit
1620 1358 1892 1430 natura3
1931 1344 2128 1439 idque
2160 1346 2227 1413 in
2257 1344 2386 1415 hac
2421 1345 2680 1415 ratione
2707 1346 2994 1441 praecellit,

922 1452 1101 1546 quod
1136 1450 1366 1521 eadem
1410 1463 1479 1519 et
1512 1452 1580 1517 in
1615 1450 1868 1519 mundo
1911 1450 2175 1544 publica
2209 1464 2341 1538 est,
2383 1465 2451 1519 et
2491 1452 2840 1547 unicuique
2885 1451 2993 1520 loco

856 1570 885 1621 3
926 1557 1294 1653 peculiaris.
1344 1558 1628 1627 Miretur
1661 1556 1792 1626 hoc
1816 1609 1837 1643 ,
1867 1558 1980 1649 qui
2011 1581 2146 1625 non
2181 1558 2557 1627 meminerit
2591 1560 2735 1653 ipso
2767 1558 2991 1626 brumali

920 1665 1028 1733 ‹lie
1074 1663 1409 1759 pulegium
1460 1664 1525 1730 in
1568 1660 1948 1731 carnariis¹⁰
1985 1662 2222 1732 florere
2255 1687 2272 1729 z
2317 1663 2484 1733 adeo
2517 1664 2682 1733 nihil
2719 1662 2992 1757 occultum

921 1796 1063 1841 csse
1099 1785 1336 1839 natura
1372 1768 1598 1838 voluit.
1653 1771 1739 1837 Et
1796 1769 2055 1837 serendi
2107 1770 2306 1863 igitur
2343 1769 2474 1838 hoc
2529 1770 2715 1839 dedit
2765 1771 2990 1863 signum.

924 1880 1079 1947 llaec
1112 1892 1213 1946 est
1250 1898 1411 1944 vera
1446 1874 1932 1971 interpretatiO,
1973 1874 2496 1969 argumentum¹⁸
2537 1886 2789 1947 naturae
2819 1900 2988 1945 secum

920 1982 1229 2053 afferens.
1292 1982 1558 2077 Quippe
1610 1982 1702 2053 sic
1755 1996 2000 2050 terram
2070 1983 2205 2077 peti
2267 1980 2498 2051 suadet
2521 2035 2542 2068 ,
2599 1982 2991 2077 promittitque

919 2090 1275 2184 quamdam
1316 2090 1625 2157 stercoris
1661 2088 1872 2157 vicem
1894 2140 1914 2171 ‚
1957 2102 2025 2157 et
2063 2102 2296 2157 contra
2343 2090 2601 2182 rigores
2645 2104 2870 2159 terram
2906 2088 2989 2155 fla·

919 2210 1157 2291 tusque
1184 2195 1427 2291 operiri
1454 2192 1500 2219 ¹²
1539 2215 1576 2261 a
1618 2218 1688 2263 se
1725 2195 2025 2279 nuntiat,
2066 2206 2134 2263 et
2169 2208 2394 2263 monet
2434 2195 2769 2264 festinare.

1004 2408 1059 2459 7.
1094 2388 1282 2459 Quibus
1307 2399 1377 2440 est
1404 2408 1535 2441 em.
1561 2384 1827 2441 Sincerius
1841 2384 1943 2441 for·

922 2480 1054 2521 tasse
1088 2486 1150 2521 ac
1183 2467 1396 2539 planius
1435 2466 1632 2529 fuerit,
1677 2490 1698 2511 ⁸
1735 2467 1944 2543 Quibus

920 2538 999 2602 est
1024 2565 1151 2600 cura
1180 2544 1465 2601 insidiandi
1496 2546 1944 2620 negotiatoribup‚

920 2627 1158 2681 avaritia.
1192 2652 1214 2674 ιι
1261 2625 1606 2696 Adjectitiam
1646 2623 1792 2680 illam
1824 2646 1946 2684 ,esse

921 2705 1194 2760 Pintianus
1232 2706 1397 2758 sensit
1424 2708 1644 2760 avaritia
1665 2707 1940 2758 voculam:

920 2785 997 2840 sic
1017 2783 1252 2849 Plinius,
1282 2804 1400 2856 cap.
1426 2791 1499 2857 74
1516 2825 1532 2851 ,
1552 2783 1773 2839 damnat
1795 2785 1944 2840 soevi-

921 2866 1050 2919 tiam
1079 2861 1443 2920 insidiantium
1467 2864 1674 2918 cai-itati
1701 2884 1942 2920 annonae.

924 2945 1108 2998 Halm.

1002 3027 1058 3081 8.
1105 3023 1181 3078 Et
1220 3025 1523 3098 reliquarum.
1574 3023 1693 3076 Hoc
1735 3036 1846 3090 est,
1893 3037 1948 3078 et

924 3117 1038 3159 tum
1102 3099 1431 3176 reliquarum
1496 3101 1720 3158 vestium
1776 3103 1948 3176 pretia

920 3196 1147 3256 augent,
1174 3201 1545 3256 annonamque
1570 3196 1753 3236 urunt.
1778 3181 1846 3236 Η.

1004 3283 1061 3334 9.
1088 3263 1335 3318 Indocilis.
1363 3265 1469 3330 Qui
1494 3263 1611 3316 caeli
1631 3263 1778 3334 signa
1793 3282 1945 3318 nosse

920 3342 1126 3416 nequit.
1154 3341 1335 3396 Ham).

1010 3441 1096 3476 ιο.
1116 3423 1179 3475 In
1198 3422 1772 3476 ece-uariis.Ca1-narium
1793 3421 1942 3476 locus

923 3514 1037 3567 est,
1090 3501 1185 3554 ubi
1210 3501 1373 3555 salitae
1402 3520 1587 3556 carnes
1617 3500 1762 3554 domi
1789 3521 1945 3574 repo-

922 3593 1141 3634 nuntur.
1176 3581 1399 3634 Interim
1432 3580 1489 3634 id
1523 3579 1944 3646 observandum,

924 3659 1071 3732 quod
1102 3659 1155 3712 in
1178 3659 1433 3714 carnariis
1462 3679 1715 3732 suspenso
1727 3661 1945 3734 pulegio

923 3736 1164 3794 accidere
1199 3739 1402 3792 Plinius
1448 3739 1547 3806 ait,
1599 3739 1656 3792 id
1695 3741 1751 3792 in
1795 3743 1944 3795 tectis

922 3819 1121 3892 pariter
1146 3837 1400 3890 suspenso
1426 3819 1732 3890 contingere
1757 3821 1824 3872 ab
1852 3840 1942 3874 eo-

922 3899 1043 3953 dem
1063 3899 1401 3952 observatum
1420 3899 1527 3969 jam
1560 3912 1732 3964 antea,
1751 3901 1833 3965 11,
1849 3907 1878 3965 4
1893 3920 1938 3954 1.

920 3978 1279 4034 —Camariis.
1310 3977 1515 4032 Placuit
1534 3979 1833 4042 nonnullis,
1857 4001 1939 4032 co-

916 4063 1125 4113 ronaris}
1150 4059 1326 4129 potius
1350 4058 1479 4130 legi,
1504 4077 1664 4130 quam
1683 4064 1936 4114 carnae-Hs.

2033 2380 2265 2441 Frustra.
2293 2387 2356 2441 In
2379 2388 2636 2443 carnariis
2665 2384 2893 2461 suspendi
2910 2404 2990 2439 car-

2033 2487 2128 2521 nes
2149 2486 2262 2521 mos
2287 2468 2536 2540 antiquus
2577 2469 2682 2521 fuit
2707 2485 2722 2522 ε
2757 2488 2852 2541 quo
2883 2484 2992 2519 more

2032 2558 2086 2602 et
2109 2546 2361 2620 suspendi
2393 2548 2670 2622 pulegium
2695 2568 2825 2604 nnuc
2841 2546 2992 2600 Plinim

2031 2628 2224 2682 innuit.
2250 2628 2464 2682 Colum.
2489 2629 2602 2682 XII
2620 2668 2637 2694 ,
2663 2629 2730 2684 53
2756 2647 2769 2680 :
2802 2630 2878 2680 «A
2898 2626 2991 2678 duo·

2033 2704 2240 2762 decima
2266 2705 2354 2761 die
2381 2707 2450 2760 ad
2475 2709 2652 2762 lacum
2687 2709 2908 2763 saltui-am
2929 2703 2994 2756 de-

2032 2787 2159 2844 ferri
2189 2787 2490 2859 oportebit,
2513 2802 2566 2842 et
2593 2789 2754 2844 salem
2777 2787 2906 2860 prius
2927 2803 2993 2836 ex-

2031 2867 2169 2931 cuti,
2207 2865 2404 2920 deinde
2429 2887 2566 2940 aqua
2603 2868 2750 2924 dulci
2774 2867 2994 2936 diligenter

2033 2945 2238 3018 perlui,
2289 2948 2485 3002 necubi
2545 2950 2626 3002 sal
2679 2949 2923 3005 inlici-eat,
2955 2955 2993 2994 et

2033 3025 2310 3098 paululum
2344 3027 2641 3082 assiccatam
2697 3029 2750 3082 in
2803 3023 2992 3082 carnario

2033 3103 2302 3176 suspendi.
2333 3133 2355 3154 ι
2389 3108 2565 3161 Varro
2593 3108 2663 3162 de
2695 3110 2771 3162 Re
2805 3110 2927 3160 Rust.
2955 3105 2990 3160 l.

2040 3184 2140 3249 54,
2181 3185 2249 3238 de
2279 3185 2397 3238 uvis
2435 3188 2770 3258 pensilibusz
2815 3214 2835 3235 ⁸
2877 3185 2994 3244 Alia·

2035 3264 2211 3336 inquit
2225 3306 2241 3331 ,
2269 3284 2386 3336 quoe
2399 3266 2454 3320 in
2471 3267 2728 3339 piscinam
2751 3267 2804 3319 in
2819 3263 2994 3335 ampho-

2032 3363 2092 3398 ra
2119 3346 2288 3416 picata
2318 3345 2602 3400 descendat
2641 3366 2660 3404 ε
2701 3346 2800 3400 alia
2827 3362 2924 3416 quae
2954 3341 2996 3392 in

2029 3443 2174 3477 aram
2195 3463 2212 3492 ,
2239 3439 2298 3480 ut
2324 3426 2378 3478 in
2401 3427 2702 3482 carnarium
2723 3422 2948 3479 ascendat.
2977 3447 2992 3465 ·

2033 3504 2260 3576 Cot-rigo
2277 3543 2294 3569 ,
2325 3528 2346 3549 ⁸
2373 3525 2490 3577 quae
2521 3507 2577 3559 in
2601 3508 2872 3569 horreum,
2894 3501 2996 3555 utin

2029 3585 2281 3638 carnariis
2300 3584 2561 3640 ascendat.
2590 3612 2613 3634 ι
2641 3585 2818 3638 Ηιιω.

2117 3681 2140 3717 1
2159 3683 2208 3719 1.
2240 3666 2612 3736 Argumentum.
2639 3666 2854 3738 Signum
2885 3681 2909 3714 a
2932 3679 3000 3710 na·

2030 3755 2148 3796 tura
2190 3742 2391 3799 datum.
2429 3745 2610 3800 Hann.
2639 3780 2719 3790 -—
2753 3747 2920 3818 Quippe
2950 3742 3002 3789 sic

2031 3834 2202 3876 lenam
2217 3829 2322 3896 peti
2337 3827 2524 3880 suadet.
2545 3825 2774 3897 Quidam
2789 3866 2806 3891 ,
2835 3851 2856 3872 ⁸
2879 3820 3000 3891 quip-

2028 3920 2097 3973 pe
2131 3903 2208 3957 sic
2235 3918 2370 3976 terra
2397 3925 2452 3958 se
2476 3907 2584 3978 peti
2610 3905 2790 3960 suadet
2815 3899 3000 3976 promit-

2027 3983 2230 4054 titque,
2253 3997 2354 4039 etc.
2375 4012 2398 4034 a
2433 3985 2536 4039 En.
2589 3977 2594 3982 ⁵

2115 4082 2136 4116 1
2153 4084 2202 4117 a.
2225 4065 2436 4135 Operire'.
2453 4067 2614 4121 Foliis
2631 4063 2931 4120 cadentibus.
2949 4057 3004 4110 Π.
