3150 5150
939 547 1254 618 L1BER
1305 549 1607 618 xv111
2176 549 2326 641 249

181 680 485 750 advecta
517 705 637 776 per
675 679 842 750 bella
872 684 1265 764 Persarum,
1291 703 1437 809 quae
1472 676 1759 748 Darius²
1784 673 2041 746 intulit:
2076 677 2191 746 sed
2222 676 2327 747 vel

184 788 268 854 in
321 789 553 882 primis
615 786 930 873 dicenda,
986 801 1170 856 tanta
1221 771 1374 855 dos³
1429 784 1570 878 ejus
1630 799 1783 872 est;
1822 808 2028 878 quum
2074 809 2153 852 ex
2194 806 2331 852 uno

189 907 360 962 satu
401 891 680 988 amplius
725 919 924 987 quam
968 894 1234 963 tricenis
1267 892 1454 962 annis
1499 890 1714 960 duret.
1759 889 1997 959 Similis
2030 877 2181 959 θεῖ*
2218 891 2331 958 tri·

189 997 414 1068 folio:
458 997 646 1068 caule
659 999 1009 1095 ,foliisque
1045 998 1458 1130 geniculata:
1497 995 1867 1092 quidquid
1850 1020 1919 1064 in
1947 981 2178 1065 caule⁵
2220 1019 2329 1064 as-

193 1107 458 1199 surgit,
503 1104 656 1174 folia
696 1089 1238 1175 contrahuntur‘ffi
1275 1106 1504 1173 Unum
1544 1102 1628 1171 de
1658 1127 1737 1172 ea
1774 1116 1841 1170 et
1882 1104 2091 1198 cytiso
2132 1099 2329 1170 volu-

194 1235 368 1278 men
393 1209 868 1306 Amphilochus
901 1211 1086 1300 fecit,
1109 1210 1475 1281 confusum.
1504 1207 1802 1294 Solum,
1783 1233 1853 1276 m
1880 1207 2039 1337 guo-⁷
2056 1221 2333 1295 seratur,
2373 1239 2400 1272 2

197 1315 621 1410 elapidatum
662 1332 1145 1414 purgatumque
1188 1317 1512 1410 subigitur
1539 1330 1859 1384 autumno
1942 1339 2154 1383 ,mox
2192 1338 2335 1382 ara·

195 1435 388 1505 tum,
429 1437 499 1491 et
521 1437 823 1493 occatum
835 1425 1194 1520 ‚integitur
1219 1437 1402 1493 crate
1429 1424 1669 1492 iterum
1702 1445 1781 1490 ac
1815 1421 2339 1514 tertium,quinis

195 1527 448 1598 diebus
482 1531 918 1624 interpositis,
958 1545 1026 1599 et
1059 1531 1218 1599 fimo
1261 1528 1504 1599 addito.
1555 1528 1775 1598 Poscit
1813 1541 2033 1596 autem
2090 1526 2337 1596 siccum

195 1659 694 1729 succosumque
713 1689 730 1722 ,
777 1635 879 1705 vel
925 1639 1210 1732 riguum.
1264 1638 1366 1704 Ita
1414 1647 1786 1729 praeparato
1830 1633 2069 1702 seritur
2114 1655 2339 1700 mense

195 1739 470 1808 mai0⁹:
509 1740 669 1811 alias
703 1744 954 1835 pruinis
987 1742 1290 1812 obnoxia.
1350 1743 1541 1837 Opus
1583 1754 1683 1810 est
1717 1739 2038 1810 densitate
2077 1740 2340 1807 seminis

195 1848 440 1914 omnia
493 1849 843 1942 occupari,
899 1849 1544 1941 internascentesque
1611 1845 1849 1914 herbas
1906 1843 2194 1916 excludi.
2259 1843 2343 1912 Id

195 1966 535 2044 praestant
576 1955 644 2022 in
677 1954 910 2050 jugera
945 1954 1166 2025 modia
1220 1955 1470 2023 vicena.
1515 1951 1921 2020 Movendum
1941 1949 1991 1975 ¹⁰
2047 1975 2131 2019 ne
2172 1949 2343 2018 adu-

199 2072 403 2126 ratur
423 2112 444 2145 ,
519 2072 824 2154 terraque
877 2062 1178 2155 protinus
1221 2060 1424 2154 integi
1481 2057 1698 2127 debet.
1752 2059 1819 2126 si
1864 2059 1948 2125 sit
1994 2056 2343 2125 humidum

199 2161 430 2232 solum
473 2164 952 2256 herbosumve,
979 2169 1285 2246 vincitur,
1323 2180 1390 2235 et
1417 2163 1721 2234 desciscit
1756 2164 1823 2231 in
1858 2177 2143 2256 pratum.
2188 2162 2343 2230 Ideo
2381 2168 2414 2220 3

196 2270 522 2361 protinus
557 2269 895 2341 altitudine
939 2271 1179 2343 unciali
1223 2271 1449 2339 herbis
1484 2269 1795 2338 omnibus
1835 2266 2173 2338 liberanda
2212 2282 2346 2355 est,

197 2398 418 2462 manu
453 2378 712 2471 potius,
741 2401 941 2471 quam
977 2376 1253 2448 sarculo.
1299 2379 1578 2446 Secatur
1612 2375 1934 2468 incipiens
1968 2374 2241 2460 florere,
2283 2389 2350 2443 et

199 2483 478 2574 quoties
520 2482 833 2552 refloruit.
858 2482 933 2550 ld
973 2481 1237 2552 sexies¹¹
1277 2483 1496 2552 evenit
1531 2505 1653 2577 per
1680 2503 1913 2564 annm,
1936 2504 2141 2574 quum
2168 2481 2351 2548 mini·

291 2682 346 2715 a.
375 2664 508 2733 Quoe
529 2664 730 2717 Darius.
755 2664 947 2717 Darius
967 2664 1238 2736 Hystaspo
1325 2674 1402 2716 est
1418 2699 1434 2725 ,
1468 2660 1617 2734 quod
1658 2662 1733 2716 ait
1770 2660 2143 2727 Dioscorides,
2186 2680 2353 2734 quum

199 2742 267 2794 F.
295 2742 386 2794 vel
407 2743 644 2807 Xerxes,
673 2744 720 2796 si
749 2742 1012 2797 credimus
1043 2742 1236 2797 Isidor.
1323 2762 1509 2797 recens
1539 2740 1745 2814 prodit,
1765 2741 2005 2813 pratensi
2046 2742 2252 2795 trifolio
2284 2743 2355 2793 si-

200 2821 399 2892 Origg.
421 2820 520 2875 lib.
540 2822 703 2875 XVII
721 2862 737 2885 ,
759 2842 876 2895 cap.
898 2828 963 2886 4:
990 2849 1012 2871 ι
1033 2822 1242 2877 Medica
1325 2823 1506 2876 milem
1544 2839 1655 2875 esse
1684 2838 1700 2873 ε
1741 2838 1907 2893 quum
1935 2822 2159 2893 assurgit
2175 2861 2191 2887 ‚
2217 2821 2355 2875 foliis

205 2899 398 2965 dicta,
440 2902 570 2972 quia
601 2922 634 2956 a
673 2902 845 2957 Medis
890 2903 1135 2955 translat·
1167 2914 1246 2956 est
1332 2901 1722 2973 angustioribus
1748 2900 1885 2954 fieri.
1912 2903 2051 2955 Du..

203 2980 266 3031 in
295 2980 570 3033 Graeciam
590 2993 832 3053 tempore
850 3001 959 3053 quo
975 3000 1090 3035 eam
1108 2982 1243 3035 Xer·
1416 3000 1448 3052 7
1459 3022 1472 3035 .
1488 2978 1671 3045 Solum,
1691 2982 1741 3031 ia
1754 2999 1864 3052 quo.
1889 2979 2085 3034 Iisdem
2105 2980 2217 3033 fere
2236 2999 2354 3034 ver-

203 3076 332 3125 xe⁸‚
360 3078 456 3112 rex
480 3059 792 3127 Persarum,
815 3061 1019 3115 invasit.
1047 3086 1068 3109 ι
1099 3059 1166 3113 Η.
1335 3059 1417 3114 hie
1441 3058 1763 3124 Columella,
1790 3058 1891 3112 loc.
1918 3060 2011 3113 cit.
2032 3057 2212 3110 Ham).

295 3138 354 3193 3.
385 3140 556 3191 Tanta
573 3140 678 3193 dos.
702 3138 845 3193 vide
873 3139 1243 3206 Columellam,
1417 3142 1469 3195 8.
1501 3138 1755 3209 Subigitur
1784 3150 2027 3191 autumno.
2052 3136 2353 3191 Proscindi-

197 3216 301 3271 lib.
327 3219 419 3282 11,
438 3238 561 3289 cap.
593 3237 617 3271 ι
634 3238 658 3273 1
681 3259 698 3284 ,
719 3239 774 3291 p.
804 3222 872 3271 62
889 3258 904 3284 ,
935 3239 998 3273 ex
1021 3238 1128 3290 quo
1147 3220 1246 3272 Isi·
1333 3230 1422 3271 tur
1453 3218 1592 3272 circ·
1614 3217 1719 3269 kal.
1746 3218 1952 3271 octobr.
1978 3216 2189 3271 Colum.
2212 3218 2356 3271 Du..

195 3295 382 3351 dorus
399 3297 642 3369 accepit,
661 3300 763 3351 loc.
785 3299 874 3351 cit.
899 3311 953 3352 et
969 3296 1167 3353 pallad.
1187 3298 1244 3351 in
1413 3314 1463 3366 9.
1513 3297 1680 3348 Mense
1728 3298 1869 3349 maio.
1924 3296 2108 3349 Mense
2160 3296 2353 3350 ultimo

197 3377 426 3447 Aprili,
451 3378 538 3431 tit.
583 3394 632 3429 ι.
661 3379 786 3431 Non
815 3378 871 3430 hi
907 3380 1122 3441 tricenis,
1148 3375 1242 3430 sed
1329 3376 1518 3447 aprili.
1549 3374 1756 3429 Colum.
1780 3387 1833 3428 et
1862 3373 2066 3430 Pallad.
2104 3376 2202 3431 lib.
2224 3377 2276 3428 V
2298 3378 2355 3429 in

197 3456 348 3509 dem's
387 3456 612 3510 habent.
647 3456 718 3510 H.
758 3488 827 3501 —-
855 3456 1241 3527 Medicaginem
1329 3454 1534 3528 Aprili,
1565 3455 1647 3507 tit.
1680 3478 1723 3507 ι.
1740 3453 1919 3507 Hmn.

195 3536 346 3589 denis
375 3534 579 3589 durare
612 3537 768 3589 annis
797 3549 1001 3590 certum
1034 3549 1138 3590 est:
1175 3534 1244 3589 de
1417 3554 1500 3589 to.
1549 3534 1855 3587 Movendum.
1882 3536 2075 3589 Semen
2123 3535 2357 3602 seilicet,

199 3618 442 3677 nicenis,
465 3613 848 3670 dubitandum.
867 3616 972 3668 En.
1331 3628 1485 3668 terrie
1529 3614 1888 3667 commissum.
1940 3618 2021 3668 Ita
2066 3615 2219 3669 MSS.
2251 3636 2361 3669 nou

291 3704 352 3759 4.
377 3693 571 3747 Sin-ilis
591 3706 681 3749 est.
702 3693 1070 3753 Dioscorides,
1093 3696 1132 3747 l.
1158 3695 1215 3748 11
1231 3732 1246 3759 ,
1335 3694 1619 3758 cavendum,
1644 3708 1703 3745 ut
1726 3692 1875 3747 editi.
1899 3693 2229 3761 Columella,
2256 3698 2359 3751 loc.

197 3794 252 3827 c.
295 3794 312 3827 ι
329 3792 432 3844 77.
461 3774 652 3827 Hnin.
1339 3774 1427 3827 cit.
1457 3798 1479 3820 ι
1501 3772 1714 3843 Ligneis
1738 3774 1949 3827 rastris:
1976 3774 2035 3827 id
2056 3775 2201 3829 enim
2228 3777 2363 3829 mul·

289 3856 350 3907 5.
385 3852 654 3924 Quidquid
673 3856 726 3905 ιἰι
754 3853 904 3905 caule.
948 3852 1110 3905 Cnule
1137 3871 1252 3906 cre·
1342 3864 1455 3906 tum
1485 3854 1695 3905 confert
1718 3889 1733 3909 .
1776 3854 1951 3906 statim
1989 3856 2125 3925 jacta
2164 3855 2366 3909 semina

199 3946 396 3985 scente
427 3932 574 3985 flunt
596 3934 900 4003 angustiora
925 3932 1050 3985 folia
1065 3970 1082 3999 ‚
1103 3933 1259 4005 προά-
1343 3934 1661 3997 obruantur,
1688 3950 1813 3985 nam
1840 3933 2119 3987 celerrime
2140 3934 2251 3986 sole
2270 3933 2364 3987 ad-

199 4032 376 4083 γωσα.
395 4008 465 4064 ἒδ
492 4015 877 4083 <avecundum
913 4012 1130 4081 γίνεται,
1154 4024 1258 4065 etc.
1345 4024 1593 4065 uruntur.
1624 4012 1865 4065 -Hnun

201 4092 397 4145 Dione.
422 4092 539 4144 loc.
565 4092 658 4145 eit.
691 4089 872 4143 Hmn.
1433 4109 1519 4143 11.
1549 4090 1616 4142 ld
1641 4094 1806 4142 sexies.
1842 4090 2053 4145 Colum.
2078 4104 2133 4144 et
2165 4092 2369 4147 pallad.

293 4175 352 4222 6.
399 4171 554 4223 Folia
595 4170 958 4223 contrahuntur.
1003 4168 1066 4221 ld
1093 4189 1256 4240 porro
1348 4170 1404 4222 11.
1437 4189 1513 4223 cc.
1542 4170 1728 4222 llum.
