3150 5150
893 393 904 409 ·
1001 399 1308 470 LmER
1333 395 1520 472 xx.
2178 401 2325 502 609

183 533 268 602 ad
321 530 806 627 refrigerandos
861 530 1133 603 ardores
1184 533 1398 603 viridi.
1453 531 1784 608 Hulccra⁹
1842 559 2137 666 qunque,
2180 563 2328 633 quae
2368 593 2397 628 ,

185 637 526 734 serpunt¹⁰
530 693 550 726 ,
583 653 771 710 sanat
807 661 961 707 cum
997 638 1205 726 melle
1227 639 1335 709 vel
1379 663 1510 708 uva
1542 662 1784 772 passa:
1820 641 2021 712 item¹
2095 657 2329 729 testes»,

183 743 553 815 ambusta'²
559 743 1095 832 ‚‚carbunculos
1129 767 1367 816 aures:
1408 745 1595 816 cum¹
1602 732 1827 817 ³lacte
1869 745 2159 819 mulieris
2194 753 2329 846 epi-

183 852 433 946 phoras
469 849 862 921 oculorum:
897 851 1194 921 ventris¹
1199 842 1329 921 ⁴et
1359 851 1823 922 intestinorum
1862 854 2188 926 fluxiones
2222 879 2331 925 se-

183 983 340 1026 men
375 984 455 1028 ex
480 982 652 1054 aqua
685 973 937 1053 potum.
971 957 1230 1027 Bibitur
1263 973 1333 1028 et
1365 959 1432 1027 in
1471 956 1757 1028 choleris
1790 985 1943 1029 cum
1977 976 2146 1031 ruta.
2180 961 2329 1032 Pel-

183 1051 322 1132 lit¹⁵
343 1063 647 1133 animalia
695 1066 1218 1145 interaneorum,
1247 1089 1402 1134 cum
1427 1061 1584 1133 mali
1615 1090 1839 1159 punici
1858 1091 2058 1136 succo
2086 1083 2158 1137 et
2180 1066 2330 1139 oleo

182 1195 411 1239 semen
445 1186 697 1267 potum.
717 1155 1194 1240 xenocrates&
1219 1170 1424 1240 tradit
1454 1195 1595 1239 rem
1630 1172 1899 1259 miram,
1942 1175 2173 1244 sivera
2193 1190 2325 1244 est:

183 1285 525 1346 menstrua
556 1277 880 1346 contineri
916 1301 1052 1346 uno
1089 1276 1227 1359 die,
1266 1277 1319 1346 si
1350 1301 1558 1345 unum
1588 1301 1871 1372 granum
1910 1278 2200 1348 biberint
2228 1280 2327 1350 fe-

181 1385 378 1452 minae
423 1408 438 1453 ε
497 1382 838 1470 1>ἰι1ιω,5ἰ
888 1381 1026 1451 duo
1071 1406 1086 1450 :
1131 1398 1201 1451 et
1255 1382 1528 1452 totidem
1575 1382 1846 1471 diebus,
1910 1401 2077 1479 quot
2117 1409 2325 1481 grana

180 1491 604 1583 sumpserint.
630 1491 902 1558 Marcus
925 1491 1146 1558 Varro
1165 1542 1185 1577 ,
1207 1488 1560 1558 coriandro
1591 1489 1875 1559 subtrito
1912 1515 2067 1561 cum
2101 1507 2325 1580 aceto,

179 1619 448 1665 carnem
490 1597 940 1689 incorruptam
978 1609 1202 1664 aestate
1233 1597 1482 1664 servari
1517 1609 1726 1690 putat.

289 1703 673 1771 LXXXIII.
703 1699 1033 1795 Ati-iplex‘
1073 1715 1139 1770 et
1167 1700 1501 1789 silvestre,
1526 1716 1593 1771 et
1628 1703 1910 1770 sativum
1944 1717 2061 1771 est.
2081 1704 2325 1799 Pytha·
2362 1752 2387 1787 1

177 1832 414 1900 ἔοι-35,
450 1809 788 1902 tamquam
838 1807 1086 1878 faceret
1134 1806 1576 1902 hydropicos,
1622 1805 2069 1904 morbosque
2067 1813 2284 1904 regios
2301 1863 2320 1896 ‚

176 1929 244 1982 et
301 1912 654 2008 pallorem,
697 1927 1228 2032 concoqueretur
1270 1913 1709 1983 difficillime:
1753 1938 1831 1983 ac
1874 1940 1959 1984 ne
2002 1917 2069 1984 in
2109 1916 2323 1986 hortis

173 2020 444 2113 quidem
462 2021 649 2113 juxta
679 2019 774 2088 id
769 2021 952 2090 nasci
978 2019 1336 2115 quidquam
1359 2073 1378 2106 ‚
1400 2021 1524 2088 nisi
1557 2018 1939 2113 languidum
1956 2075 1976 2108 ‚
2000 2020 2316 2118 culpavit.

173 2125 510 2196 Addidere
547 2127 904 2220 Dionysius
930 2140 997 2195 et
1032 2123 1302 2196 Diocles
1323 2179 1342 2212 ,
1373 2125 1693 2220 plurimos
1722 2127 1899 2224 gigni
1926 2152 2008 2196 ex
2036 2151 2119 2198 eo
2141 2153 2319 2198 mor-

253 2391 316 2442 9.
331 2372 564 2425 Huloera.
586 2372 858 2424 Pumval.
874 2371 912 2425 1.
932 2391 980 2424 c.
999 2369 1066 2424 ad
1089 2390 1203 2426 ver·
1287 2371 1465 2424 statim
1490 2384 1657 2424 sanat.
1692 2383 1723 2417 ι·
1747 2369 1920 2426 Habet
1936 2371 2121 2426 eadem
2148 2371 2315 2428 Marc.

168 2453 330 2506 bum.
365 2451 534 2506 Addit
568 2446 700 2513 (vid.
728 2449 890 2516 infra)
921 2451 1201 2504 Dalecam-
1293 2451 1453 2520 Emp.
1487 2467 1607 2520 cap.
1629 2450 1954 2504 vitulino.

167 2535 300 2605 pius
347 2551 409 2585 ex
451 2529 790 2597 Dioscorida,
842 2531 1000 2585 etiam
1052 2531 1200 2601 ignes
1377 2537 1463 2596 14.
1507 2531 1723 2583 Ventris.
1768 2529 1907 2584 Plin.
1938 2531 2062 2586 val.
2093 2531 2162 2586 ad
2192 2551 2315 2588 ver-

165 2632 352 2667 sacros
374 2609 659 2665 coriandro
681 2611 886 2677 sanari,
915 2630 1035 2663 cum
1058 2630 1199 2681 pane
1283 2610 1414 2663 bum
1433 2650 1450 2673 ‚
1486 2612 1589 2674 IV,
1619 2617 1675 2674 4.
1703 2610 1885 2665 Hum-

167 2707 262 2745 aut
301 2690 530 2763 polenta.
562 2695 630 2743 At
665 2710 730 2743 eo
759 2691 977 2743 nomine
1014 2708 1198 2761 repre-

166 2772 339 2825 hendi
383 2768 743 2824 Dionem-idem
794 2789 823 2823 3
879 2770 1086 2824 Galeno
1128 2767 1196 2823 de

165 2853 302 2906 Fac.
327 2852 499 2923 simpl.
539 2848 682 2903 med.
709 2850 845 2915 vll,
885 2868 1008 2922 pag.
1044 2855 1150 2919 1'74
1177 2888 1193 2915 ,

161 2932 272 2985 bon
281 2951 346 2984 us
371 2929 604 2984 medicus
632 2929 871 2983 nescivit.
899 2928 962 2981 Id
985 2929 1146 2999 igitur
1163 2948 1194 2982 a

157 3012 349 3065 Plinio
386 3023 540 3064 caute
581 3010 1010 3080 praetermissum.
1043 3008 1110 3061 Η.

252 3111 273 3145 1
290 3110 340 3144 o.
400 3090 526 3160 Qua
560 3102 773 3159 set-pum.
837 3088 1095 3159 Hei-petas
1137 3100 1192 3141 et

163 3170 317 3243 ignes
345 3186 520 3223 sacros
562 3182 710 3222 sanat
759 3186 883 3221 cum
929 3186 1065 3239 pune
1099 3180 1193 3221 aut

160 3252 384 3323 polenta
413 3266 427 3301 ι
459 3250 588 3303 item
623 3260 779 3302 testes
817 3246 1194 3301 inflammatos.

161 3330 414 3385 Dioscor.
445 3328 647 3382 Daue.

253 3428 276 3463 ι
296 3430 348 3463 1.
377 3410 512 3460 leem.
544 3407 685 3461 Plin.
721 3408 902 3461 Valer.
931 3407 968 3459 l.
998 3426 1047 3459 c.
1083 3406 1152 3458 H.

252 3509 275 3544 ι
294 3510 347 3542 ².
401 3488 656 3540 Amhmta.
711 3489 894 3558 Igneus
947 3484 1196 3539 videlicet

156 3587 388 3623 summo
415 3566 552 3619 cutis
581 3566 1040 3619 inflammationes.
1071 3566 1196 3618 Dio·

155 3670 302 3703 scor.
341 3642 583 3717 πυρῶδιις
625 3646 898 3719 φλεγμονὰς
935 3645 1070 3699 κατὰ
1104 3646 1194 3702 τὴν

156 3732 470 3799 ἐπιφάνειαν.
497 3724 694 3781 Βιιιο.

249 3808 343 3862 13.
391 3805 530 3859 Cum.
562 3806 698 3859 Plin.
729 3806 849 3859 val.
894 3806 930 3858 1.
961 3823 1009 3858 c.
1041 3816 1096 3858 et
1128 3804 1157 3855 1
1177 3842 1192 3868 ,

163 3894 236 3951 14
267 3906 283 3941 t
317 3910 340 3930 -
377 3883 732 3940 Cori-adsum
767 3883 943 3939 viride
969 3884 1155 3938 tritum
1174 3922 1190 3949 ‚

154 3980 210 4019 et
259 3967 494 4019 mixtum
532 3966 668 4018 lacte
721 3965 958 4019 mulieris
976 4004 992 4031 ‚
1031 3981 1192 4035 super

155 4059 439 4100 tumorem
500 4046 780 4099 oculorum
829 4046 1053 4115 inunges
1091 4063 1105 4095 ε
1139 4056 1194 4096 et

333 4145 455 4209 VI.

1371 2694 1459 2745 15.
1501 2692 1669 2743 Peme.
1701 2690 2015 2745 Lumbi-icoo
2040 2691 2309 2748 videlicet.

1279 2770 1360 2824 Ita
1383 2771 1563 2825 Diosc.
1593 2768 1708 2832 111,
1751 2788 1819 2839 7¹
1844 2808 1861 2835 ,
1892 2782 1945 2823 et
1972 2768 2109 2824 Ptin.
2126 2773 2307 2829 Valet.

1277 2850 1314 2903 l.
1343 2870 1391 2904 c.
1423 2850 1587 2921 Apul.
1618 2868 1733 2919 cap.
1756 2867 1865 2914 cn,
1887 2849 1969 2902 tit.
2002 2866 2025 2901 1
2048 2888 2065 2915 ,
2093 2851 2307 2907 instandi

1276 2930 1591 3001 clysteribus
1606 2928 1777 2999 jubet.
1800 2926 1985 2980 Hnm.

1367 3014 1455 3063 16.
1495 3009 1811 3060 Xenoemtes.
1857 3006 1980 3061 Haec
2006 3008 2145 3062 Ptin.
2179 3010 2299 3065 an.

1277 3087 1467 3141 iisdem
1501 3087 1709 3152 verbis,
1744 3087 1779 3138 1.
1806 3104 1853 3140 c.
1885 3085 1953 3139 H.
1984 3116 2065 3130 ——-
2098 3088 2301 3144 Mirum.

1277 3167 1430 3221 Hanc
1452 3185 1644 3220 vocem
1663 3166 1919 3219 omittunt
1932 3166 2028 3220 Gr.
2044 3178 2098 3220 et
2111 3170 2181 3223 31.
2196 3170 2303 3224 En.

1355 3246 1663 3299 Lxxxul.
1720 3266 1768 3299 1.
1820 3247 2066 3317 atriplex.
2125 3247 2301 3304 Diosc.

1279 3326 1534 3391 11,145.·
1569 3318 1885 3395 Ᾱτρᾶφαξις,
1918 3328 1959 3379 οἱ
1982 3322 2042 3379 δὲ
2060 3332 2303 3399 χρυσαλά-

1277 3426 1444 3474 χοινον.
1479 3405 1609 3459 Cael.
1637 3406 1818 3458 Aurel-
1846 3405 2048 3459 Clu-on.
2077 3406 2155 3465 V.
2194 3426 2217 3462 1
2236 3427 2299 3464 1:

1287 3484 1617 3556 -Atrtplex,
1662 3502 1821 3555 quam
1846 3484 2019 3538 Greci
2044 3482 2277 3559 ἀνδρᾶφα

1282 3565 1349 3628 ξιν
1382 3576 1649 3618 vocant.-
1696 3563 1905 3617 Genera
1940 3563 2171 3620 sedecim
2218 3567 2303 3622 di-

1283 3662 1432 3698 versa
1473 3646 1530 3697 in
1563 3642 1727 3697 horto
1764 3644 1931 3716 Regio
1972 3646 2247 3702 observata
2272 3669 2303 3704 a

1284 3724 1458 3779 nobis.
1477 3724 1707 3778 Sativam
1728 3723 1871 3777 Gaui
1900 3738 2097 3789 vocant
2108 3730 2307 3781 armeloe

1285 3816 1338 3857 et
1360 3804 1685 3857 bonno-dame.
1708 3804 1925 3857 leonem
1956 3805 2133 3859 sativae
2162 3808 2306 3879 apud

1285 3884 1566 3938 Lobelium
1599 3881 1792 3937 videsis
1814 3883 1869 3935 in
1896 3882 2052 3937 Οὔκ.
2083 3905 2136 3956 p.
2170 3907 2305 3959 ¹²73

1277 3964 1597 4017 silvestrium
1634 3962 1776 4034 apud
1820 3963 2156 4018 Metthiolnm
2181 4006 2197 4032 ,
2249 3985 2305 4038 p.

1285 4046 1428 4109 460,
1460 4047 1607 4110 461,
1645 4046 1778 4105 462.
1805 4044 1989 4095 Hnm.

1975 4139 2066 4235 39
