3150 5150
848 532 1165 599 LIBER
1224 530 1537 599 xvln.
2137 541 2276 621 241

175 675 429 757 purget,
478 660 953 755 medeaturque
996 659 1293 756 caligini,
1334 660 1626 729 admixto
1663 658 1858 743 ‚laete
1911 664 2302 735 mulierum(

178 771 431 862 Frigore
448 764 497 807 ⁸⁷
548 766 844 837 dulciora
888 767 1033 837 fieri
1072 768 1531 835 existimantur
1575 780 1644 835 et
1685 758 2146 860 grandiora¹⁸z
2188 787 2286 841 te·

178 873 351 969 pore'
356 873 489 942 ⁹in
525 871 683 944 folia
720 871 1025 942 exeunt²⁰
1028 872 1301 943 ‚Palma
1322 870 1747 941 inNursino²¹
1768 897 1930 969 agro
1959 882 2291 947 nascenti-

182 981 304 1048 bus.
336 982 665 1048 Taxatio
648 1005 716 1048 in
742 978 939 1048 libras
976 981 1252 1084 sestertii
1282 978 1549 1073 singuli,
1576 992 1647 1047 et
1679 980 1746 1047 in
1779 984 2056 1075 penuria
2067 984 2289 1053 ’‘bini.

185 1088 530 1155 Proxima
512 1111 583 1153 in
621 1074 908 1181 Algido’³
945 1088 1133 1156 natis.

270 1194 567 1261 XXXV.
622 1190 833 1285 Napi¹
878 1215 1039 1261 vero
1075 1192 1508 1278 Amiternini,
1550 1214 1836 1285 quorum
1880 1192 2107 1262 eadem
2155 1192 2294 1264 fere
2335 1222 2357 1256 1

188 1312 435 1385 natura,
481 1298 775 1418 gaudent
807 1322 991 1391 aeque
1030 1297 1298 1393 frigidis,
1330 1300 1658 1366 seruntur
1687 1310 1754 1365 et
1793 1312 1945 1366 ante
1983 1295 2296 1369 kalendas

192 1406 469 1492 martias,
502 1406 575 1473 in
609 1405 843 1499 jugero
886 1402 1182 1473 sextarii²
1218 1418 1523 1498 quatuor.
1568 1402 2036 1496 Diligentiores
2067 1406 2300 1499 quinto

192 1498 391 1579 sulco³
438 1534 697 1604 napum
736 1512 862 1579 seri
895 1509 1173 1603 jubent,
1210 1534 1371 1604 rapa
1415 1523 1693 1603 quarte,
1729 1524 2086 1629 utrumque
2131 1526 2299 1581 ster·-

194 1632 415 1687 eorato.
458 1619 655 1710 Rapa
689 1614 938 1685 laetiora
970 1615 1150 1702 fieri,
1187 1618 1241 1685 si
1287 1640 1441 1684 cum
1484 1614 1676 1709 palea
1717 1618 2140 1685 seminentur.
2177 1620 2300 1687 Se-

196 1746 317 1791 rere
364 1722 628 1791 nudum
673 1720 939 1805 volunt,
980 1736 1360 1816 precantem
1408 1720 1529 1790 sibi
1581 1734 1646 1789 et
1678 1722 1918 1791 'vicinis
1957 1747 2174 1793 serere
2211 1750 2299 1794 se.

196 1831 363 1899 Satus
394 1830 668 1923 utrique
698 1829 921 1921 generi
945 1827 1164 1921 justus
1180 1815 1228 1916 ⁴,
1256 1829 1429 1897 inter
1466 1826 1752 1897 duorum
1787 1829 2132 1899 numinum
2165 1828 2303 1900 dies

196 1986 291 2065 ”aliis
304 2012 644 2077 auctoribus,
668 2023 722 2065 et
739 2029 990 2083 raporum
1012 2028 1168 2065 succo
1184 2051 1201 2078 ,
1288 2028 1423 2083 pass.
1475 2028 1637 2081 quem
1702 2012 1771 2062 ab
1825 2010 2048 2081 algendo
2103 2012 2307 2067 dictum
2357 2013 2362 2017 ’

200 2092 275 2161 qui
308 2110 369 2144 ex
410 2091 568 2144 caule
596 2093 769 2145 exciso
796 2090 1076 2160 excipitur.
1105 2090 1177 2145 H.
1288 2089 1636 2143 Grammatiei
1667 2088 1870 2143 volunt.
1907 2090 2047 2143 Vide
2091 2092 2310 2146 Strabo-

270 2190 349 2240 ¹7·
390 2170 623 2241 Frigore.
660 2168 962 2233 Nicander,
1004 2169 1200 2241 Geor-g.
1288 2188 1436 2233 nem,
1464 2168 1534 2228 V,
1558 2186 1676 2239 pag.
1712 2166 2044 2239 ²57.Hum.

200 2250 272 2313 11,
306 2248 450 2321 apud
502 2248 704 2303 Athen.
747 2248 1021 2319 Theophr.
1064 2249 1200 2302 Hist.
1368 2248 1602 2301 XXXV.
1625 2248 1851 2319 1.Nap1‘,
1879 2248 2308 2315 etc.Columella‚

202 2329 277 2381 lib.
300 2330 441 2394 vn,
470 2348 592 2401 oep.
616 2336 649 2393 4
670 2367 687 2394 ,
713 2341 766 2382 et
790 2328 1049 2381 Martialis
1074 2328 1203 2381 alla·
1290 2327 1388 2379 lib.
1417 2328 1499 2387 11.
1534 2346 1652 2397 cap.
1686 2345 1771 2379 10.
1819 2329 2025 2381 Daue.
2059 2360 2142 2371 —
2174 2331 2313 2400 Napi

202 2422 247 2459 to
276 2410 433 2479 paulo
460 2422 587 2462 ante
612 2408 1007 2481 epigrammate.
1036 2406 1102 2460 Η.
1292 2426 1425 2458 vero.
1442 2406 1728 2469 Martialis,
1745 2407 2009 2479 xlmep.
2041 2424 2138 2471 20,
2157 2412 2314 2481 eujus

276 2491 357 2542 18.
388 2487 697 2542 Gmnde'ora.
736 2488 803 2539 In
852 2485 1081 2539 radicem
1112 2488 1208 2541 ali·-
1292 2488 1514 2549 lemma,
1556 2486 1693 2556 Napi
1727 2504 1747 2537 .·
1793 2510 1816 2533 ι
1867 2486 1978 2538 Nos
2003 2486 2315 2541 Amiternus

202 2580 419 2621 uentum
446 2567 603 2622 verti.
624 2566 899 2644 Theophr.
922 2568 1059 2620 Du..
1298 2585 1423 2638 ager
1444 2566 1686 2619 felicibus
1703 2564 1900 2620 educat
1917 2566 2116 2632 hortis;
2131 2567 2314 2624 Nursi-

270 2665 355 2717 19.
408 2649 609 2720 Tepore.
663 2647 922 2702 Austrino
968 2657 1213 2718 tempore
1298 2648 1435 2699 sinas
1469 2645 1672 2714 poteris
1709 2646 1921 2716 parcius
1954 2665 2062 2699 esse
2099 2648 2250 2718 pilas.
2281 2673 2304 2694 ι

204 2726 577 2781 incrementum
612 2745 771 2780 omne
796 2738 850 2779 et
878 2740 1065 2778 succus
1093 2724 1205 2778 abit
1291 2724 1537 2779 Nursinae
1568 2726 1692 2796 pila
1723 2743 1852 2796 rapa
1881 2737 2004 2778 sunt
2027 2725 2084 2778 in
2120 2739 2312 2780 rotun·

206 2803 251 2858 in
272 2807 418 2865 solia,
444 2807 633 2860 nonin
655 2805 1201 2877 radicem.'1'heophr.
1291 2803 1513 2858 dinatem
1545 2806 1784 2876 globata,
1805 2803 1875 2858 de
1890 2805 2088 2876 quibus
2107 2803 2311 2861 dietum

275 2905 356 2939 ιο.
392 2888 455 2940 In
468 2888 613 2952 folia
647 2898 836 2939 exeunt.
874 2887 939 2937 In
978 2885 1202 2939 caulem.
1293 2898 1372 2938 est
1402 2885 1652 2956 proximo
1676 2884 1868 2956 eapite.
1891 2885 2074 2955 Napus
2089 2885 2314 2950 Grecis,

104 2998 113 3006 ·
205 2965 455 3038 Theophr.
482 2967 623 3019 Du..
727 3007 731 3012 -
1292 2977 1347 3018 et
1377 2964 1686 3018 Columella
1725 2963 1886 3034 paulo
1913 2977 2034 3016 ante
2061 2963 2278 3018 laudato
2296 3005 2312 3029 ‚

274 3062 361 3096 ιι.
386 3047 567 3098 Palma
590 3048 643 3096 in
658 3046 889 3100 Nus-sino.
912 3043 1124 3096 Colum.
1148 3043 1207 3096 in
1296 3045 1519 3110 βουνιάςς
1552 3043 1772 3106 nostris,
1796 3063 1862 3094 un
1881 3055 2034 3094 navet.
2073 3043 2314 3114 Pingitur

204 3123 415 3178 Hortulo
444 3148 459 3178 :
492 3153 517 3173 ι
552 3125 703 3190 Quin
733 3136 785 3177 et
812 3121 1101 3195 Tardipedi
1130 3141 1207 3176 sa-
1296 3141 1324 3176 a
1352 3121 1656 3186 Dodonaeo,
1679 3141 1733 3192 p.
1758 3120 1984 3175 663.Ut
1999 3123 2126 3174 olim
2149 3141 2313 3192 porro

204 3203 419 3276 erisiam
452 3206 559 3277 ¹53oe
590 3205 806 3264 solutis,
857 3203 1015 3254 Nube
1066 3219 1207 3254 nova
1296 3203 1565 3267 Nur-sinis,
1599 3201 1672 3254 sic
1709 3199 1872 3252 modo
1899 3199 2156 3252 Sabaudis
2175 3203 2316 3273 rapis

204 3283 408 3347 seritur,
452 3284 571 3336 coli
618 3281 973 3355 pendentibus
1014 3279 1205 3347 undis,
1295 3241 1696 3350 lemovicisque
1732 3280 1909 3349 palma
1951 3277 2220 3332 tribuitur.
2244 3281 2315 3334 Η.

206 3361 447 3436 Gongylis
474 3363 669 3416 illustri
690 3362 852 3415 mittit
880 3379 1034 3432 quam
1066 3361 1207 3412 Nur·
1297 3393 1376 3404 --
1402 3361 1632 3412 Brassica
1653 3359 1828 3426 Napm
1869 3350 2163 3431 (Ten-odyn.
2187 3359 2314 3432 siliq.

206 3441 269 3492 sia
297 3459 515 3515 eampo,
576 3443 819 3512 Quaque
858 3438 1209 3494 Amiterninis
1295 3458 1417 3512 gen.
1441 3436 1802 3504 1245W1nd
1829 3437 2014 3506 Crucis:
2031 3427 2192 3508 Juss.)
2215 3441 2318 3494 En.

206 3517 426 3574 defertur
448 3521 647 3574 bunius
670 3521 827 3574 arvis.
860 3546 883 3567 ι
934 3521 1002 3574 Η.
1382 3539 1431 3573 2.
1467 3520 1526 3572 In
1543 3521 1720 3590 jugero
1746 3514 1962 3570 εει-τάπὶ.
1991 3517 2208 3571 Colum.
2233 3521 2318 3584 11,

282 3603 442 3654 ndu
454 3605 668 3672 penuria
684 3599 799 3652 bae'm‘.
818 3599 938 3652 Biui
960 3597 1181 3652 sestertii
1194 3637 1211 3664 ,
1308 3617 1373 3652 ιο
1386 3637 1404 3664 ,
1442 3617 1499 3670 p.
1536 3600 1569 3650 6
1583 3615 1604 3650 ι
1618 3637 1631 3650 .
1663 3593 1840 3647 Ham.

206 3693 415 3732 moneta
436 3694 633 3734 nostra
648 3697 785 3734 asses
803 3692 923 3732 sunt
949 3678 1211 3748 quaterni.
1384 3679 1435 3732 3.
1493 3679 1680 3748 Quinto
1727 3675 1877 3728 sulco.
1923 3677 2143 3729 Terram
2199 3691 2323 3729 ante

205 3757 347 3811 Mine
372 3761 541 3813 aureis
584 3777 779 3830 rapum
816 3759 1003 3811 emisse
1036 3777 1065 3810 a
1105 3756 1213 3811 Co·
1302 3756 1585 3828 quinquies
1624 3752 1906 3821 arandam,
1957 3774 2114 3827 quam
2157 3775 2326 3827 nepus

204 3855 343 3890 none
386 3839 589 3893 rustico
629 3837 963 3892 Ludovieum
988 3837 1067 3890 XI
1086 3878 1101 3901 ,
1132 3853 1213 3889 re·
1302 3850 1522 3890 seratur.
1543 3837 1614 3887 Vi
1615 3833 1834 3888 deinfra
1859 3854 1976 3906 cap.
2003 3843 2108 3904 49.
2135 3837 2327 3904 Quarto

202 3935 315 3986 gem
374 3917 667 3972 Galliarum
691 3957 705 3983 ‚
752 3919 947 3970 ferunt.
984 3917 1051 3969 Η.
1301 3920 1395 3971 seri
1424 3916 1582 3980 sulco,
1613 3926 1716 3968 etc.
1742 3911 1922 3965 Hsan.

280 3995 372 4049 23.
400 3999 460 4049 In
482 3999 690 4069 Algido.
720 3997 877 4050 Mons
901 4008 976 4050 est
1007 3997 1063 4048 in
1088 4013 1213 4066 agro
1385 4004 1439 4060 4.
1468 3995 1616 4048 Sam-5
1651 3994 2326 4066 atr-iquegenerijuseus.1n

203 4075 497 4130 Tusculano
526 4111 545 4140 ,
622 4078 935 4149 conjunctus
1001 4075 1213 4128 Albano
1301 4076 1431 4128 loeis
1463 4067 1632 4146 riguis
1661 4073 1954 4127 Columella
1983 4073 2084 4124 seri
2115 4071 2270 4143 jubet
2297 4089 2328 4124 a

206 4155 374 4208 nomi
394 4189 411 4218 ,
466 4158 531 4210 ab
586 4157 719 4210 urbe
762 4157 934 4210 Roma
976 4173 1043 4208 xv
1081 4153 1213 4208 mill.
1303 4155 1531 4209 solstitio
1563 4173 1580 4210 z
1616 4153 1768 4206 siccis
1805 4169 1934 4204 vero
1965 4151 2152 4204 ultima
2181 4161 2328 4222 parte

373 4266 489 4334 Vl.
1973 4258 2060 4327 16
