3150 5150
841 553 980 634 104
1352 553 1434 618 C.
1491 551 1835 620 PLINII
1890 551 2109 618 NAT.
2170 549 2431 618 HIST.

825 679 950 750 bus
985 681 1175 750 annis
1209 681 1617 751 reciduntur.
1663 680 2175 751 saluberrima²⁷
2206 682 2275 748 in
2302 680 2468 774 jugo
2502 679 2767 750 arundo
2804 705 2941 750 oon-

825 811 999 857 nexa
1042 785 1409 872 fasciculiS‚
1449 787 1649 856 durat
1683 789 1898 883 quinis
1930 789 2140 857 annis.
2182 786 2413 875 Quum
2454 786 2799 856 breviores
2828 787 2943 882 pal-

821 895 1017 963 mites
1051 907 1386 964 sarmento
1409 894 1785 988 junguntur
1824 896 1999 964 inter
2032 918 2103 963 se
2136 892 2393 962 funium
2428 892 2677 977 modo,
2708 917 2795 962 ex
2830 893 2945 964 hoc

824 1003 1062 1070 arcus²
1065 991 1359 1069 ³funeta
1401 999 1737 1070 dicuntur.

724 1121 787 1174 18
928 1107 1188 1176 ‘lex-tius
1233 1107 1442 1176 vineae
1481 1131 1695 1178 annus
1740 1104 2079 1202 palmitem
2133 1103 2427 1176 velocem
2478 1105 2945 1200 robustumque

823 1213 1094 1298 emittit,
1151 1226 1220 1282 et
1258 1237 1454 1307 quem
1502 1213 1663 1284 facit
1700 1227 1857 1284 aetas
1896 1215 2120 1282 vitem.
2174 1214 2301 1281 Hic
2346 1213 2418 1280 in
2451 1210 2693 1306 jugum
2734 1211 2941 1282 insilit.

824 1319 1118 1409 Quidam
1151 1333 1312 1388 tunc
1334 1335 1670 1390 excaecant
1698 1343 1894 1407 eum,
1948 1319 2185 1413 supina
2216 1316 2385 1388 falce
2406 1317 2775 1387 auferendo
2801 1343 2945 1388 ocu·

820 1424 953 1513 105,
988 1441 1064 1495 ut
1089 1424 1349 1520 longius
1381 1441 1685 1512 evocent,
1716 1426 1911 1494 noxia
1902 1425 2180 1556 injuria
2200 1425 2268 1492 ².⁹
2308 1421 2557 1494 Utilior
2584 1425 2765 1494 enim
2792 1449 2943 1494 con-

821 1532 1104 1602 suetudo
1128 1517 1494 1626 pariendi³⁰
1497 1585 1518 1620 ‚
1546 1517 1925 1628 satiusque³
1998 1532 2347 1626 pampinos
2374 1528 2701 1664 adju²gatae
2733 1529 2943 1600 deter-

817 1663 1012 1758 gere?
1051 1663 1261 1732 usque
1292 1663 1426 1733 quo
1466 1637 1723 1733 placeat
1768 1637 2068 1708 roborari
2108 1661 2277 1706 eam.
2312 1622 2543 1706 Sunt³²
2584 1637 2701 1730 qui
2733 1651 2948 1707 vetant

819 1745 1003 1840 tangi
1040 1745 1344 1839 proximo
1383 1769 1560 1815 anno
1614 1770 1814 1841 quam
1863 1741 2181 1813 translata
2220 1743 2362 1812 sit:
2404 1767 2624 1838 neque
2664 1757 2823 1812 ante
2864 1769 2945 1812 Lx

819 1874 1114 1920 mensem
1149 1849 1320 1920 falce
1361 1854 1583 1922 curari
1612 1879 1628 1920 ε
1662 1867 1822 1923 tune
1864 1865 2086 1920 autem
2116 1849 2203 1919 ad
2232 1864 2365 1920 tres
2408 1873 2707 1944 gemmas
2734 1849 2942 1920 recidi.

817 1955 947 2025 Alii
983 1971 1052 2026 et
1091 1959 1395 2053 proximo
1416 1957 1681 2052 quidem
1728 1982 1905 2026 anno
1932 1956 2273 2040 recidunt,
2303 1955 2418 2026 sed
2441 1970 2514 2024 ut
2542 1970 2773 2024 ternos
2798 1981 2942 2050 qua-

817 2077 1130 2134 ternosve
1171 2061 1441 2159 singulis
1471 2066 1661 2134 annis
1690 2063 2003 2157 adjiciant
2030 2062 2377 2193 articulos,
2414 2077 2656 2157 quarto
2685 2061 2941 2131 demum

717 2199 779 2250 ¹9
815 2170 1189 2264 perducant
1235 2170 1322 2240 ad
1367 2170 1625 2266 jugum.
1684 2170 1764 2240 ld
1808 2154 2242 2264 utrumque³³
2312 2168 2601 2238 fructum
2650 2168 2943 2252 tardum,

817 2423 944 2476 Post
969 2420 1298 2492 putationem
1322 2419 1512 2474 vitium
1546 2431 1837 2475 retractan-
2009 2416 2100 2472 32.
2127 2418 2253 2472 Sunt
2272 2423 2356 2491 qui
2380 2432 2549 2474 meam
2576 2425 2723 2491 tangi
2734 2423 2945 2492 prorum

818 2499 901 2556 dae
931 2513 1086 2564 sunt,
1134 2511 1416 2572 partesque
1441 2517 1627 2553 eorum
1658 2513 1840 2572 putres
1928 2517 2059 2551 anno
2102 2519 2245 2571 quam
2293 2500 2551 2552 translata.
2596 2500 2819 2554 Colum.
2855 2499 2943 2552 lib.

821 2578 1162 2644 dedolanda,
1189 2580 1369 2651 inquit
1400 2579 1611 2634 colum.
1633 2580 1671 2633 l.
1696 2599 1747 2634 ο.
1770 2580 1839 2633 Η.
1930 2579 2029 2644 IV,
2046 2597 2163 2652 eap.
2194 2598 2215 2633 1
2234 2598 2284 2645 1,
2306 2599 2427 2652 pag.
2458 2579 2564 2643 134
2591 2601 2605 2633 ε
2640 2608 2665 2630 ι
2690 2581 2845 2633 Illam
2868 2598 2947 2633 ve·

905 2678 998 2730 27.
1018 2658 1360 2713 saluberrima.
1383 2660 1601 2714 Colum.
1621 2660 1716 2713 lib.
1739 2660 1841 2723 lv,
1929 2668 2097 2711 terem
2138 2660 2445 2730 opinionem
2490 2660 2769 2714 damnavit
2800 2680 2947 2723 usus,

819 2758 937 2812 eap.
965 2757 1032 2812 17
1058 2757 1072 2791 ε
1102 2766 1125 2787 ιι
1147 2739 1334 2803 Quum
1355 2740 1540 2811 jugum
1563 2740 1621 2791 in
1648 2740 1842 2793 fascem
1928 2756 2039 2791 non
2066 2757 2178 2791 esse
2197 2738 2338 2793 ferro
2362 2738 2653 2811 tangendos
2676 2740 2948 2793 anniculos

819 2819 1063 2894 pluribus
1108 2816 1467 2872 arundinibus
1508 2819 1711 2879 alterna
1754 2836 1841 2873 ea·
1930 2818 2205 2871 malleolos
2226 2855 2243 2882 ,
2280 2818 2431 2890 quod
2486 2820 2656 2874 aciem
2706 2820 2948 2873 reformi-

709 2896 722 2907 ’
818 2898 1099 2955 cuminum
1123 2897 1242 2951 vice
1266 2896 1572 2951 ordinatum
1603 2909 1703 2963 est,
1733 2900 1842 2952 fere
1928 2895 2059 2950 dent
2089 2916 2103 2951 :
2143 2896 2291 2970 quod
2332 2898 2521 2953 frusua
2570 2898 2867 2970 Virgilius,
2900 2913 2951 2952 et

817 2978 1174 3053 quinquennii
1199 2978 1400 3049 prabet
1425 2994 1602 3031 usum.
1626 3004 1649 3026 ο
1688 2978 1761 3031 Η.
1928 2974 2175 3043 Saserna,
2208 2977 2560 3051 Stolonesque
2612 2991 2670 3031 et
2726 2979 2952 3035 Catones

905 3060 991 3114 28.
1021 3060 1110 3111 Ex
1141 3057 1230 3109 hoc
1264 3076 1422 3109 arcus.
1457 3058 1544 3109 Ex
1590 3058 1694 3111 hoe
1726 3059 1842 3128 pal·
1930 3056 2249 3122 timuerunt,
2284 3070 2389 3112 etc.
2419 3084 2442 3105 ι
2472 3059 2661 3112 Banu.

821 3141 1038 3204 mitum,
1067 3155 1168 3191 een
1197 3136 1438 3201 funium,
1465 3154 1609 3189 nexu
1626 3176 1641 3201 ,
1667 3145 1839 3209 quum
2011 3135 2103 3189 33.
2137 3136 2207 3189 Id
2232 3149 2495 3211 utrumque.
2540 3138 2675 3191 Hac
2721 3150 2953 3211 utraque

817 3220 952 3273 flens
973 3218 1033 3273 in
1076 3234 1260 3271 arcum
1285 3216 1543 3279 flectitur,
1570 3216 1837 3271 Punctum
1924 3216 2087 3279 ratio,
2121 3216 2321 3288 inquit,
2341 3231 2392 3272 et
2412 3236 2605 3272 eornm
2636 3218 2733 3289 qui
2768 3220 2951 3290 proxi·

817 3311 1026 3354 vocant.
1050 3295 1239 3348 Hann.
1924 3312 2015 3347 mo
2041 3314 2183 3349 anno
2228 3296 2371 3367 tangi
2404 3309 2615 3361 vetant,
2660 3310 2717 3351 et
2762 3318 2949 3353 eornm

901 3398 993 3447 ²9·
1011 3371 1182 3429 Noxia
1202 3378 1398 3447 injuria.
1419 3374 1508 3431 sic
1531 3376 1695 3447 paulo
1716 3390 1839 3447 post
1923 3374 2151 3447 quitum
2178 3374 2453 3442 recidunt,
2480 3378 2715 3431 fructum
2734 3376 2951 3431 tardum

817 3456 921 3509 hoc
944 3473 1066 3526 cap.
1083 3456 1355 3521 suffocante
1377 3458 1571 3526 injuria.
1598 3456 1669 3509 H.
1920 3453 2100 3508 reddit
2120 3474 2134 3507 :
2166 3455 2271 3509 hoc
2296 3469 2399 3517 est,
2446 3469 2845 3510 sarmentorum
2876 3458 2956 3511 in·

901 3534 989 3587 3ο.
1023 3535 1204 3587 Utilior
1239 3540 1364 3587 sm’m
1409 3534 1698 3586 consuetudo
1736 3554 1832 3605 pa·
1920 3546 2246 3592 crementum
2282 3535 2478 3589 lentius
2503 3536 2631 3588 facit
2646 3574 2664 3599 .
2690 3536 2952 3609 idemque

817 3614 988 3667 tioudi.
1011 3612 1089 3667 Ut
1108 3614 1377 3667 robustior
1398 3626 1450 3667 et
1475 3612 1683 3667 firmior
1710 3614 1834 3667 vitis
1918 3611 2185 3667 nodosum
2208 3633 2271 3669 ac
2298 3614 2621 3669 retorridum
2637 3653 2656 3680 ‚
2684 3617 2849 3688 quale
2876 3630 2953 3670 est

815 3692 1026 3749 evadat.
1057 3694 1192 3747 Du..
1921 3695 1975 3745 in
1998 3694 2213 3763 pumilis
2240 3695 2543 3750 arboribus.
2566 3694 2791 3749 Scabra:
2808 3710 2951 3749 cere·

897 3776 992 3829 31.
1019 3772 1290 3843 Satiusque.
1305 3772 1477 3825 Satius
1487 3784 1566 3824 est
1588 3791 1699 3824 non
1710 3784 1831 3825 ante
1921 3774 2128 3825 tore-idae
2155 3774 2359 3845 plantas
2390 3774 2605 3829 Coinm.
2630 3789 2825 3841 vocat,
2852 3776 2947 3828 lib.

811 3854 1018 3909 vineam
1064 3851 1404 3925 pampinare,
1443 3868 1619 3923 -quam
1670 3851 1832 3906 fuerit
1918 3852 2033 3916 111,
2056 3872 2175 3925 cap.
2206 3872 2227 3907 ι
2244 3874 2271 3907 ²
2288 3892 2305 3920 ‚
2332 3873 2449 3926 quus
2472 3867 2699 3925 propter
2720 3856 2945 3909 nimiam

805 3936 1000 4006 jugata.
1028 3932 1118 3987 sie
1145 3931 1404 4003 loquutus
1425 3930 1585 3983 etiam
1614 3932 1827 3985 Colum.
1916 3931 2204 3987 siccitatem
2222 3934 2451 3989 naturali
2466 3934 2841 3989 destituuntur
2856 3936 2949 3989 ali·

807 4014 905 4069 lib.
930 4014 1004 4078 V,
1026 4031 1146 4087 cap.
1171 4012 1238 4065 5·
1225 4052 1238 4065 .
1262 4009 1605 4082 «Insequitur
1625 4011 1832 4083 pampi-
1917 4024 2117 4067 mento.
2164 4014 2385 4067 Scabras
2400 4052 2417 4079 ,
2449 4016 2659 4087 jejunas
2678 4052 2697 4081 ,
2727 4013 2909 4069 aridas
2924 4052 2941 4077 ‚

803 4107 990 4159 nator,
1045 4105 1099 4147 et
1146 4108 1499 4164 supervacuos
1549 4094 1783 4162 deterget
1808 4132 1823 4156 ‚
1918 4092 2221 4146 macilentas
2236 4132 2253 4157 ,
2292 4107 2530 4166 perustas
2557 4113 2665 4149 vox
2688 4112 2751 4149 ea
2777 4094 2941 4166 signi·

803 4186 903 4227 ete.
940 4198 966 4221 n
999 4170 1179 4228 Banu.
1914 4169 2054 4226 fleat.
2082 4170 2263 4227 ΗΑΒ».
