3150 5150
893 585 987 630 22
1414 559 1495 628 C·
1550 559 1890 628 PLINII
1946 557 2167 626 ΝΑΤ
2225 557 2482 626 HIST.

883 689 1185 785 quamvis
1220 687 1469 758 fieret
1450 715 1520 758 m
1568 714 1732 759 auro
1753 688 1822 758 7.
1884 687 2008 758 Illa
2051 711 2252 782 quam
2290 701 2625 756 recentem
2660 686 3010 816 exquirunt

882 795 1203 892 improbae
1223 794 1451 883 alites,
1480 819 1821 866 vomerem
1857 797 2289 879 comitantes,
2325 790 2682 887 corvique¹
2687 779 3009 862 ⁸aratoris

786 929 843 964 ιι
883 903 1158 997 vestigia
1198 903 1341 996 ipsa
1377 901 1760 971 rodentes¹⁹
1767 900 2189 970 .Reddatur
2243 844 2376 970 lioc
2424 901 2492 967 in
2538 898 2687 968 loco
2737 897 3008 967 luxuriae

880 1033 1147 1104 quoque
1184 1008 1507 1078 sententia
1556 1022 1626 1076 et
1671 1007 1936 1102 aliqua
1917 1033 1987 1076 ιιι
2025 1007 2460 1102 propositum.
2503 1006 2702 1074 Certe
2741 1007 3006 1091 Cicer-0,

880 1113 997 1184 lux
1017 1113 1469 1184 doctrinarum
1486 1112 1753 1183 altera²⁰
1769 1138 1845 1182 ια
1867 1112 2146 1182 Meliora
2161 1113 2441 1206 ,inquit,
2469 1125 2808 1205 unguenta
2837 1125 3008 1193 sunt,

880 1245 1027 1314 quae
1062 1218 1349 1290 terram²
1356 1218 1600 1323 'quam
1627 1245 1774 1314 quae
1809 1245 2082 1290 crocum
2121 1220 2468 1313 sapiunt.»
2501 1221 2648 1287 Hoc
2673 1219 2850 1285 enim
2881 1241 3010 1284 ma-

880 1325 1005 1395 luit
1049 1325 1321 1410 dixisse,
1389 1349 1588 1420 quam
1631 1324 1954 1395 redolent.
2019 1328 2124 1394 Ita
2177 1339 2277 1394 est
2333 1323 2680 1418 profecto:
2723 1321 2838 1392 illa
2887 1325 3011 1391 erit

880 1432 1171 1528 optima,
1197 1456 1342 1525 quae
1369 1445 1710 1527 unguenta
1738 1434 1965 1527 sapiat.
2002 1431 2207 1520 Quod
2235 1431 2287 1499 si
2311 1429 2711 1498 admonendi
2751 1453 3008 1514 sumuS,

878 1536 1088 1634 qualis
1134 1538 1220 1606 sit
1260 1551 1450 1606 terrae
1492 1537 1697 1623 odor,
1731 1536 1838 1606 ille
1877 1538 1992 1632 qui
2033 1537 2381 1632 quaeritur,
2425 1537 2790 1653 contingit,
2839 1559 3009 1630 saepe

878 1645 1078 1714 etiam
1122 1644 1496 1737 quiescente
1536 1645 1658 1712 ea'
1663 1644 1839 1712 ’sub
1879 1667 2186 1714 occasum
2229 1639 2422 1730 solis,
2457 1643 2526 1709 in
2563 1666 2697 1735 quo
2725 1640 2876 1710 loco
2909 1665 3008 1709 ar-

878 1746 1033 1818 cus'
1038 1733 1389 1818 ³caelestis
1433 1748 1744 1842 dejecerit
1790 1751 2007 1845 capita
2053 1772 2220 1818 sua:
2280 1763 2349 1817 et
2391 1771 2598 1842 quum
2641 1772 2683 1815 a
2721 1748 3010 1816 siccitate

877 1855 1189 1924 continua
1230 1843 1644 1924 immaduit²⁴
1679 1855 1936 1924 imbre:
1986 1869 2146 1924 tunc
2183 1855 2424 1923 emittit
2469 1852 2652 1923 ilium
2682 1877 2878 1922 suum
2905 1853 3010 1921 ha·

876 1958 1068 2030 litum
1097 1958 1394 2029 divinum
1432 1985 1512 2030 ex
1542 1959 1680 2031 sole
1717 1975 2150 2056 conceptum,
2177 1961 2286 2028 cui
2312 1961 2686 2055 comparari
2725 1960 3010 2030 suavitas

879 2064 1062 2136 nulla
1114 2066 1337 2161 possit.
1393 2069 1463 2136 Is
1515 2091 1659 2137 esse
1702 2067 1869 2136 odor
1911 2069 1980 2135 in
2035 2081 2370 2136 commota
2421 2066 2726 2149 debebit,
2791 2090 3010 2160 reper-

882 2185 1118 2267 tusque
1156 2174 1489 2242 neminem
1536 2171 1716 2243 fallet
1752 2199 1768 2240 :
1807 2195 1886 2240 ac
1924 2172 2006 2241 de
2045 2187 2222 2241 terra
2263 2173 2431 2242 odor
2465 2174 2716 2267 optime
2755 2171 3009 2264 judica-

876 2276 993 2346 bit.
1038 2275 1215 2347 Talis
1258 2278 1396 2346 fere
1436 2292 1534 2346 est
1574 2280 1644 2345 in
1691 2277 2037 2348 novalibus
2085 2302 2253 2348 caesa
2296 2291 2520 2348 vetere
2562 2275 2726 2347 silva
2744 2263 2816 2363 ²⁵,
2871 2300 3013 2371 quae

1986 2501 2093 2560 111.
2133 2517 2220 2572 ep.
2243 2518 2380 2552 mxv:
2414 2523 2436 2545 ι
2455 2499 2689 2553 Pallidus
2713 2501 2830 2553 Eoo
2861 2500 3014 2552 thure

1983 2580 2129 2651 quod
2154 2580 2288 2652 ignis
2309 2581 2445 2634 olet:
2464 2581 2633 2634 Gleba
2653 2578 2807 2653 quod
2829 2580 3014 2633 estivo

1981 2660 2172 2713 leviter
2228 2677 2396 2729 quum
2459 2660 2727 2731 spargitur
2789 2659 2966 2712 imbre
2997 2696 3013 2723 ,

1983 2750 2082 2792 etc.
2109 2765 2132 2786 ι
2168 2739 2352 2793 Hanno.

964 2519 1052 2571 17.
1084 2499 1251 2552 Fiam
1273 2503 1323 2552 in
1348 2519 1485 2552 aum.
1507 2498 1663 2553 MSS.
1681 2517 1864 2552 omnes
1880 2539 1895 2564 ,

873 2600 934 2633 ex
958 2600 1095 2633 am.
1119 2580 1303 2633 Hun-

963 2662 1053 2715 18.
1082 2658 1333 2731 Cot-vique.
1361 2656 1428 2711 Id
1458 2676 1588 2711 vero
1614 2658 1789 2711 corvis
1815 2658 1896 2711 sa-

873 2737 1079 2792 milinre
1091 2736 1293 2791 idcirco
1312 2737 1491 2808 potius
1512 2734 1658 2808 quod
1677 2736 1894 2803 semina,

872 2835 1033 2891 quum
1073 2815 1222 2889 quod
1262 2829 1529 2871 recentem
1579 2828 1777 2871 terram
1809 2835 1894 2869 ex·

871 2898 1103 2970 quirunt.
1133 2897 1300 2961 Nam,
1340 2908 1404 2948 ut
1440 2896 1749 2949 Macrobius
1780 2896 1889 2960 ait,

871 2978 1086 3030 Saturn.
1107 2976 1243 3039 vn,
1267 2978 1328 3029 5:
1380 3001 1403 3023 ι
1429 2993 1621 3029 corros
1651 2974 1894 3028 videmus

870 3056 1129 3110 universis
1189 3056 1397 3109 inhiare
1470 3054 1760 3107 seminibus

2066 2816 2158 2871 25.
2206 2818 2344 2869 Talis
2384 2819 2495 2884 sere
2548 2828 2622 2869 est
2670 2820 2722 2869 in
2763 2815 3012 2877 novalibus

1980 2917 2107 2949 coesa
2145 2909 2305 2949 vetere
2349 2898 2491 2949 silva.
2537 2894 2773 2968 Legend.
2817 2899 3014 2948 incensa

1985 2989 2141 3027 vetere
2156 2977 2307 3041 sitve,
2337 2994 2447 3029 non
2467 2995 2592 3027 cosa
2609 3016 2624 3041 ,
2651 2994 2717 3029 ex
2730 2974 3013 3045 Theophr.

1812 3080 1834 3101 ιι
1874 3073 1889 3107 :
1979 3053 2281 3118 evidenter,
2309 3054 2404 3109 lib.
2426 3055 2510 3107 vl
2543 3054 2614 3108 de
2643 3056 2799 3109 Caua.
2841 3054 3013 3107 Plant.

870 3134 1017 3207 quod
1052 3147 1108 3189 et
1146 3134 1281 3187 ucri
1315 3132 1525 3187 codices
1564 3152 1891 3187 commemo-

872 3227 1021 3281 rant,
1048 3216 1178 3269 Luc.
1208 3214 1350 3277 ΧΠ,
1386 3220 1480 3277 24.
1506 3212 1690 3265 ΗΑιι).

958 3312 1047 3362 19.
1076 3294 1333 3347 Rodentes.
1359 3294 1483 3345 Vet.
1512 3291 1750 3345 radentes.
1781 3292 1886 3345 En.

955 3390 1045 3425 20.
1068 3374 1177 3425 Lux
1199 3373 1526 3425 doctrinarum
1550 3372 1722 3423 altera.
1766 3371 1893 3423 Post

870 3451 1191 3514 Homerum,
1210 3451 1334 3522 qui,
1360 3451 1453 3503 ubi
1482 3448 1690 3503 dictum
1712 3450 1891 3521 proxi-

870 3548 986 3596 me,
1014 3530 1133 3583 fons
1155 3530 1491 3599 ingeniorum
1524 3529 1640 3583 fuit.
1666 3529 1850 3582 Eum.

953 3627 1046 3663 ιιι.
1079 3609 1207 3677 Qua
1236 3619 1429 3660 amm,
1457 3606 1600 3659 Vide
1639 3626 1756 3679 qun
1782 3609 1892 3677 jam

866 3700 1018 3741 antea
1045 3685 1275 3740 diximus
1291 3686 1387 3738 lib.
1410 3686 1578 3749 xm,
1600 3704 1716 3757 cap.
1743 3692 1794 3749 4.
1819 3686 1892 3739 Η.

954 3786 1045 3819 22.
1097 3766 1377 3834 Quiescenee
1422 3784 1499 3819 ea.
1549 3766 1663 3817 Nec
1715 3778 1890 3817 aratro

868 3843 1055 3907 scint,
1087 3856 1175 3897 aut
1204 3854 1486 3897 commota.
1518 3844 1700 3897 Hm.

951 3924 1043 3978 23.
1080 3924 1144 3976 In
1183 3942 1277 3994 quo
1318 3923 1425 3974 Ioco
1462 3940 1623 3974 amus.
1669 3921 1888 3994 Egimus

866 4000 936 4056 de
972 4021 1034 4057 ea
1076 4020 1136 4057 re
1176 4004 1287 4073 jam
1326 3998 1562 4065 dudum,
1621 4001 1712 4055 lib.
1742 4003 1881 4065 ΧΠ,

866 4101 980 4153 cap.
1009 4084 1100 4137 52.
1129 4082 1313 4135 Haut».

954 4168 1041 4226 ²⁴·
1064 4162 1328 4215 [maduit
1351 4160 1512 4213 inbre.
1534 4160 1766 4213 Martini.
1789 4159 1884 4214 lib.

1979 3153 2097 3205 cap.
2119 3134 2186 3188 25
2202 3173 2218 3199 ,
2245 3134 2328 3187 his
2352 3134 2552 3187 verbis:
2581 3161 2604 3183 ι
2627 3134 2850 3189 Siccius
2872 3133 3017 3187 enim

1977 3226 2054 3266 est
2095 3231 2217 3284 quae
2252 3212 2443 3267 odores
2485 3215 2572 3267 vel
2616 3214 2900 3276 omnium,
2933 3214 3016 3265 vel

1977 3304 2120 3346 certe
2143 3292 2442 3363 aliquorum
2465 3294 2638 3346 facere
2661 3291 2850 3365 possit,
2870 3291 3016 3363 quod

1978 3372 2152 3424 obiter
2174 3372 2230 3424 in
2254 3383 2396 3425 terra
2424 3390 2642 3443 quoque
2669 3372 3018 3443 perspicuum

1980 3463 2091 3514 est,
2130 3450 2224 3503 ubi
2263 3463 2506 3521 tempore
2544 3450 2724 3504 estivo
2769 3452 2887 3503 solo
2927 3448 3020 3503 ad-

1979 3542 2100 3581 usto
2153 3529 2350 3582 imbres
2402 3530 2736 3583 accesserint.
2799 3530 3016 3583 Humor

1979 3608 2124 3660 enim
2163 3606 2421 3661 admistus
2443 3648 2460 3675 ,
2512 3608 2848 3680 ferventique
2899 3608 3019 3680 pul·

1979 3686 2087 3739 veri
2117 3686 2452 3758 permixtus,
2500 3686 2727 3741 odorem
2765 3700 3020 3759 generat,

1977 3764 2124 3836 quod
2159 3765 2303 3820 idem
2345 3767 2402 3818 in
2443 3768 2645 3820 caeteris
2679 3767 2840 3820 etiam
2874 3769 3020 3822 facit.

1978 3846 2116 3897 Nam
2142 3858 2194 3898 et
2217 3844 2366 3917 quod
2394 3843 2462 3899 de
2489 3865 2617 3899 arcu
2645 3846 2842 3901 calesti
2875 3849 3018 3901 refe-

1973 3936 2103 3977 runt
2119 3962 2136 3988 ,
2161 3926 2378 3978 arbores
2399 3936 2454 3977 et
2476 3926 2593 3979 loca
2620 3924 2851 3979 reddere
2887 3925 3020 3979 odo·

1973 4016 2086 4057 rata
2140 4004 2468 4073 ubicumque
2527 4005 2826 4058 constiterit
2847 4043 2866 4069 ,
2918 4006 3018 4057 tale

1975 4096 2056 4135 est
2084 4100 2098 4134 :
2131 4080 2310 4137 reddit
2345 4083 2490 4135 enim
2531 4102 2642 4136 non
2670 4084 2728 4136 in
2759 4085 3016 4137 omnibus

1975 4158 2149 4215 modin
2176 4159 2395 4214 odorata
2413 4201 2428 4229 ,
2458 4160 2550 4215 sed
2587 4164 2633 4217 si
2661 4182 2766 4234 qua
2799 4163 3018 4217 materia
