3150 5150
284 0 687 8 Ὗὴ--Ἲ---γῂνη
728 1 765 3 --
830 0 865 6 v

889 612 1208 688 mnan
1261 614 1555 690 xvm.
2151 645 2290 718 ¹97

172 741 408 838 stipula
441 757 581 829 est,
621 743 688 810 in
728 744 1070 813 cacumine
1097 767 1300 820 unum
1333 743 1564 814 folium
1607 745 1828 815 habet.
1869 748 1999 817 Sed
2036 747 2294 822 hordeo

174 849 612 937 scabrasum,
639 851 892 918 caeteris
917 847 1122 922 laevia.
1151 848 1549 946 Multiplicia
1567 865 1803 928 contra
1828 852 2027 941 fabae,
2060 857 2292 945 ciceri,

174 957 334 1049 piso.
363 940 803 1024 Frumentis⁴⁸
841 952 1070 1028 folium
1097 956 1647 1044 arundinaceum‚
1693 957 1860 1028 fabae
1889 960 2293 1051 rotundum,

175 1076 238 1129 et
277 1084 538 1192 magum
576 1059 985 1156 leguminum
1023 1064 1215 1192 ραιῑέ.
1261 1065 1601 1157 Longiora
1647 1053 1958 1139 erviliae⁴⁹
1969 1119 1989 1153 ,
2026 1083 2093 1138 et
2124 1070 2289 1163 pise.

175 1153 524 1238 Faseolis⁵⁰
561 1191 846 1254 venosa,
890 1154 1190 1238 sesamae⁵
1271 1183 1340 1238 et
1386 1171 1581 1239 irioni
1619 1172 1996 1301 sanguinea.
2028 1174 2297 1251 Cadunt

177 1272 332 1343 solia
357 1272 592 1368 lupino
615 1287 910 1359 tantum,
961 1289 1030 1343 et
1056 1275 1386 1378 papaveri.
1429 1263 1860 1370 Legumina⁵²
1902 1277 2147 1350 diutius
2176 1281 2295 1351 flo-

176 1395 350 1466 rent,
393 1394 462 1449 et
500 1405 584 1449 ex
634 1379 738 1450 his
785 1403 1019 1450 ervum
1053 1405 1133 1450 ac
1169 1383 1402 1452 cicer.
1446 1382 1561 1451 sed
1594 1381 1955 1454 diutissime
1999 1383 2149 1454 faba
2196 1413 2293 1458 11.

173 1485 421 1559 diebus.
459 1487 615 1556 Non
647 1501 869 1556 autem
909 1473 1206 1582 singulis*
1249 1488 1431 1582 scapi
1474 1486 1767 1576 tamdiu,
1813 1491 2139 1584 quoniam
2164 1491 2292 1562 alio

175 1591 516 1662 desinente
539 1591 704 1662 alius
739 1593 1000 1723 incipit3
1033 1618 1155 1663 nec
1193 1609 1334 1664 tota
1365 1619 1580 1688 segeS‚
1617 1595 1787 1666 sicut
1811 1595 2157 1686 frumenti,
2186 1624 2295 1695 pa-

177 1700 352 1770 riter.
389 1697 795 1794 siliquantur
805 1685 856 1730 ⁵⁴
883 1723 1045 1770 vero
1063 1701 1286 1776 omnia
1315 1699 1591 1780 diversis
1631 1700 1896 1790 diebus,
1938 1717 2007 1772 et
2043 1705 2178 1774 ab
2162 1730 2294 1775 ima

179 1805 464 1899 primum
507 1819 730 1936 parte,
771 1804 1084 1901 paulatim
1133 1806 1296 1878 flore
1339 1807 1683 1876 subeunte.

272 1897 700 1981 Frumenta⁵⁵
717 1936 956 2006 quum
1000 1911 1406 1996 defloruere,
1461 1929 1910 2001 crassescunt,
1957 1930 2291 1986 maturan-
2331 1939 2363 1991 8

175 2031 413 2112 turque
441 2043 648 2112 quum
687 2016 1046 2113 plurimum
1091 2018 1324 2090 diebus
1358 2019 1848 2114 quadraginta:
1898 2022 2055 2092 item
2103 2022 2291 2094 faba·
2274 2075 2295 2108 ,

175 2233 375 2306 pisum,
405 2236 557 2303 faba,
580 2239 751 2304 cicer,
791 2239 984 2294 multis.
1015 2239 1194 2292 Theo·
1281 2237 1366 2292 uis
1395 2237 1615 2309 quidem
1648 2250 1725 2292 est
1754 2238 2067 2311 sanguineus
2094 2240 2261 2294 caulis
2280 2279 2298 2306 ,

175 2315 372 2384 phrast.
393 2316 626 2384 Mirum,
657 2330 926 2373 auctorem
952 2319 1021 2373 de
1050 2316 1196 2372 radi-
1279 2316 1371 2371 eed
1397 2337 1507 2371 non
1533 2318 1743 2370 folium.
1779 2321 1915 2372 Du..
1949 2351 2029 2360 —
2053 2318 2299 2372 Sesamum

175 2415 234 2448 ee
259 2396 754 2452 frumentaeeornm
779 2411 834 2452 et
864 2398 1194 2470 leguminum
1279 2399 1510 2452 orientale
1555 2389 1767 2471 (Didyn.
1812 2402 2033 2470 angiosp.
2078 2399 2139 2452 L.
2177 2419 2295 2471 gen.

175 2475 312 2528 nihil
359 2475 611 2548 prodere.
655 2476 818 2545 Quod
859 2491 1037 2532 autem
1076 2479 1150 2532 ait
1173 2516 1188 2540 ,
1287 2497 1310 2532 ι
1327 2497 1393 2547 19
1411 2475 1613 2533 Willd.
1642 2479 1857 2549 Bignon.
1883 2480 1917 2530 J
1922 2474 2049 2542 uss.)
2077 2479 2185 2532 En.

177 2555 398 2609 Eadm
445 2569 692 2631 utramque
718 2598 736 2627 ‚
762 2557 998 2631 intellige
1044 2556 1194 2612 disti·
1361 2563 1447 2612 52.
1489 2557 1756 2628 Legum-tna
1787 2557 1983 2613 diutius.
2020 2557 2296 2633 Theopbr.

177 2636 312 2697 chon
337 2650 393 2690 et
421 2638 762 2710 polystichon
784 2658 799 2690 ι
834 2638 921 2691 vel
951 2637 1155 2692 nudum
1176 2677 1194 2705 ‚
1279 2636 1418 2692 Hist.
1444 2639 1585 2691 VIII
1604 2676 1621 2704 ,
1654 2658 1704 2692 2.
1730 2639 1913 2693 Ham).

175 2714 323 2788 quod
360 2720 668 2789 γυμνόκριθον
699 2731 918 2785 vocant,
939 2730 994 2771 et
1018 2720 1197 2791 gluma
1363 2716 1458 2771 53.
1477 2718 1594 2772 Non
1614 2738 1665 2771 a.
1691 2719 1889 2788 singuli.
1908 2716 2182 2788 Theophr.
2198 2718 2235 2769 l.
2249 2738 2296 2771 c.

177 2814 268 2851 sua
291 2796 566 2851 vestitum.
595 2800 798 2857 Dante.
1366 2798 1458 2860 54.
1491 2795 1810 2869 SiIae'quaneur.
1834 2796 2063 2869 Siliquas
2078 2798 2307 2863 faciunt,

255 2878 351 2940 48.
375 2873 1038 2948 Fmemisss'l'heophrast.
1062 2874 1196 2929 nist.
1282 2876 1704 2947 Theophrastus,
1743 2877 1843 2932 loc.
1889 2876 1981 2930 cit.
2024 2876 2216 2948 Neque
2242 2890 2303 2930 ut

173 2954 270 3009 lib.
302 2957 473 3016 vm.
498 2975 614 3027 eap.
643 2956 699 3010 3.
720 2956 904 3015 Ham).
1284 2955 1562 3020 frumenti,
1584 2956 1659 3009 sic
1686 2968 1740 3009 et
1769 2957 2011 3011 fabarum
2034 2956 2180 3027 scapi
2200 2956 2305 3009 sin·

256 3041 356 3105 49.
379 3036 599 3097 Ervilioe.
615 3036 811 3093 Ervilia
829 3034 1030 3095 Graecis
1047 3035 1198 3107 ὦχρος
1281 3036 1425 3107 guli,
1447 3048 1538 3088 aut
1557 3054 1701 3107 seges
1724 3036 1929 3106 integra
1952 3036 2109 3089 simul
2130 3034 2304 3100 floret,

173 3126 289 3174 est,
313 3115 488 3185 pisum
522 3115 700 3177 minus
723 3128 818 3169 est.
849 3112 1089 3179 Nostris,
1095 3108 1200 3166 'des
1283 3113 1375 3168 aed
1402 3114 1781 3187 particulatim.
1807 3113 2167 3185 H.-1².flm
2190 3115 2303 3166 sub·

165 3196 299 3263 pois.
324 3194 394 3247 Η.
419 3226 500 3239 --
523 3194 670 3248 Viciu
693 3195 882 3251 Ennia
905 3185 1197 3265 (Diadelph.
1282 3205 1439 3248 eunte.
1486 3194 1747 3246 Paulatim
1788 3192 1887 3246 flos
1924 3193 1992 3245 ab
2028 3193 2131 3246 ima
2163 3193 2303 3265 scapi

169 3274 683 3345 dee.gen.1356
733 3272 932 3333 wind.
997 3274 1196 3343 Legum.
1281 3286 1432 3346 parte
1459 3271 1528 3326 ad
1551 3290 1811 3325 summam
1833 3272 1993 3325 subit.
2024 3272 2131 3326 En.

169 3344 346 3423 June.)
377 3355 487 3407 En.
1365 3352 1459 3407 55.
1487 3350 1766 3404 Frumento.
1796 3350 2152 3423 Theophrast.
2172 3351 2307 3405 Hist.

253 3432 352 3487 50.
406 3432 643 3485 Faseolis.
697 3434 762 3486 In
805 3430 956 3486 MSS.
1003 3431 1198 3485 rectius
1283 3432 1422 3485 VIII
1437 3470 1452 3494 ,
1473 3431 1524 3484 3.
1543 3430 1865 3497 Columella,
1881 3431 1966 3497 11,
1995 3449 2016 3483 1
2033 3451 2061 3484 2
2082 3472 2099 3497 ‚
2117 3451 2173 3503 p.
2197 3434 2267 3502 67
2290 3450 2305 3485 ε

161 3513 426 3581 phasiolis.
454 3514 536 3566 De
564 3512 650 3566 his
677 3512 882 3584 egimus
908 3511 1001 3565 lib.
1031 3512 1197 3578 XVI,
1296 3536 1318 3560 ι
1341 3511 1517 3571 Omne
1547 3521 1723 3563 autem
1753 3510 2078 3565 frumentum
2110 3524 2163 3565 et
2178 3512 2308 3564 hor·

168 3610 292 3663 cap.
319 3610 414 3662 9²·
439 3592 625 3646 Haut).
1289 3588 1481 3656 deum,
1505 3588 1772 3662 quidquid
1798 3589 2028 3661 denique
2060 3610 2171 3645 non
2207 3589 2311 3643 du·

251 3671 357 3726 51.
388 3670 623 3727 Sesamae.
651 3668 805 3726 MSS.
849 3670 1050 3743 ubique
1087 3673 1204 3723 sesi·
1289 3670 1418 3743 plici
1435 3670 1634 3723 semine
1660 3681 1767 3735 est,
1793 3670 1992 3743 spicam
2018 3690 2047 3724 a
2070 3671 2225 3724 tertio
2244 3668 2311 3722 ad

167 3770 297 3804 κιαι
313 3750 497 3810 Graeci
524 3764 704 3807 tamen
731 3750 952 3817 σήσαμον
973 3762 1204 3819 jocum,
1291 3762 1538 3833 quartum
1565 3708 1770 3803 noduui
1814 3750 2041 3803 emittit:
2066 3762 2116 3805 et
2146 3768 2313 3821 quum

163 3848 375 3903 nempe
399 3843 464 3884 ut
483 3831 790 3885 Μασσαλίαν
806 3830 1088 3884 Massiliam
1103 3830 1207 3883 La·
1294 3841 1462 3883 totam
1486 3827 1691 3895 edidit,
1720 3841 1841 3883 octo
1873 3828 2061 3884 diebus
2089 3829 2313 3883 deflore-

165 3910 270 3963 tini
295 3909 516 3976 dixere,
546 3924 599 3965 et
643 3908 965 3975 Μιθριδάτην
989 3950 1006 3975 ,
1041 3928 1206 3981 quem
1293 3910 1390 3972 ecit
1446 3927 1508 3963 ac
1551 3907 1746 3963 deinde
1790 3908 2090 3981 grandescit
2127 3907 2317 3961 diebus

163 4008 268 4043 uos
315 3989 714 4049 Mithridatem.
756 3990 826 4044 H.
857 4022 937 4033 —
964 3988 1206 4054 Sesamoe,
1293 3988 1880 4062 quadraginta,quibus
1900 3999 2018 4062 post
2043 3987 2226 4040 florem
2245 3986 2315 4040 ad

161 4082 270 4123 etc.
313 4070 629 4143 Nunquam,
660 4068 808 4141 quod
846 4069 1007 4124 sciam
1028 4070 1207 4123 Theo·
1294 4069 1655 4122 maturitatem
1700 4066 1930 4122 devenit.
1967 4068 2168 4120 Rursus
2195 4084 2317 4138 qun

161 4150 384 4219 phmt.
423 4151 621 4205 horum
667 4150 794 4206 folia
833 4150 1026 4203 rubere
1049 4188 1065 4214 ,
1115 4146 1209 4202 sed
1297 4148 1502 4221 duplici
1541 4147 1742 4201 semine
1782 4160 1929 4210 eunt,
1957 4158 2019 4197 ut
2056 4145 2205 4207 faba,
2233 4144 2313 4217 pi-

159 4230 405 4301 pinguia
423 4249 534 4288 esse
559 4243 613 4285 et
627 4248 806 4287 amara
825 4229 1051 4301 scripsit.
1075 4228 1208 4283 Irio·
1299 4247 1412 4282 sum
1426 4266 1444 4294 ,
1459 4227 1715 4282 lenticula
1730 4265 1746 4293 ,
1768 4223 1954 4280 diebus
1975 4222 2322 4296 quadraginta

1878 4316 2003 4403 13³
