3150 5150
990 454 1295 522 LIBER
1345 457 1513 522 XX.
2185 451 2326 550 589

115 587 401 680 cyami
424 573 515 655 ¹³:
564 584 1025 680 similiterque¹
1010 573 1057 616 ’4
1112 585 1393 681 largior,
1434 611 1764 656 venenum
1809 601 1941 665 est,
1989 587 2170 681 quod
2207 590 2324 656 mi·
2361 601 2390 650 3

116 717 453 781 temni-3
504 718 707 787 quum
734 679 780 716 ¹⁵
827 717 1052 762 semen
1097 694 1461 823 gratissime
1518 717 1724 787 panes
1780 695 1979 762 etiam
2033 694 2319 764 condiat.

116 798 441 869 Oculos
464 824 728 896 quoque
750 812 1019 893 purgat:
1042 797 1319 867 urinam¹
1324 784 1439 868 ⁶et
1456 823 1714 868 menses
1737 801 1884 868 ciet.
1910 800 2320 888 Quinimmo

116 902 459 975 linteolo
503 904 868 1000 deligatis-‚¹⁷
900 918 1161 974 tantum
1198 907 1416 1000 granis
1454 931 1606 974 xxx
1637 904 1958 974 secundas
2001 907 2174 976 trahi
2217 933 2318 976 re·

122 1013 393 1104 perio.
438 1012 640 1082 Aiunt
664 1026 731 1081 et
760 1009 1011 1080 clavis
995 1035 1064 1080 in
1094 1010 1367 1105 pedibus
1398 999 1708 1080 mederi¹⁸
1731 1013 1958 1080 tritum
1990 1013 2059 1080 in
2095 1015 2316 1082 urina:

125 1115 433 1188 culices
477 1117 705 1187 suffitu
746 1141 1031 1187 necare.
1079 1118 1237 1186 item
1278 1141 1553 1187 muscas.

268 1225 579 1293 LXXII.
636 1226 724 1294 Et
768 1221 1057 1292 anisum¹
1108 1223 1423 1292 adversus
1460 1224 1838 1316 scorpiones
1881 1248 1962 1292 ex
2007 1225 2159 1293 vino
2185 1224 2315 1296 ‚bi-
2358 1255 2381 1292 ι

128 1329 387 1410 bitur,
420 1331 809 1425 Pythagorae
834 1331 1005 1398 inter
1030 1353 1238 1423 pauca
1260 1328 1634 1415 laudatum,
1663 1330 1798 1398 sive
1832 1327 2148 1415 crudum,
2178 1332 2317 1400 sive

130 1435 557 1505 decoctum.
578 1439 747 1504 Item
773 1434 979 1503 viride
1000 1434 1365 1522 aridumve,
1386 1435 1696 1504 omnibus
1716 1460 1864 1529 quae
1887 1436 2315 1556 condiuntur,

132 1567 462 1636 quaeque
498 1543 931 1636 intinguntur,
960 1540 1422 1610 desideratum.
1464 1539 1692 1610 Panis²
1723 1543 1918 1610 etiam
1949 1545 2186 1610 crustis
2213 1543 2306 1610 in·

134 1647 535 1718 ferior-ibus
567 1648 925 1717 subditum.
951 1633 1213 1717 Saccis³
1247 1673 1509 1786 quoffue
1536 1646 1841 1717 additur:
1875 1673 2024 1717 cum
2069 1652 2314 1725 amaris

140 1755 466 1823 nucibus
508 1756 660 1822 vina
700 1752 1144 1823 commendat.
1194 1754 1377 1842 Quin
1456 1779 1670 1849 lpsum
1710 1755 1842 1823 oris
1885 1752 2219 1822 halitum
2194 1780 2310 1847 Ju-

140 1861 569 1930 cundiorem
630 1860 813 1946 facit,
856 1859 1289 1954 foetoremque
1346 1859 1513 1928 tollit
1565 1859 2078 1932 manducatum
2099 1876 2312 1932 matu-

142 1968 331 2036 tinis
372 1991 525 2036 cum
567 1913 897 2061 smyrni0‚
934 1979 1001 2034 et
1039 1965 1229 2035 tuelle
1263 1967 1543 2056 exigue,
1585 1991 1741 2035 mox
1781 1967 1940 2034 vino
1969 1964 2308 2035 collutum.

144 2071 463 2142 Vultum
499 2072 828 2167 juniorem
881 2086 1166 2165 praestat.
1212 2074 1547 2142 Insomnia
1595 2070 1769 2140 levat
1807 2097 2196 2166 suspensum
2245 2074 2310 2141 in

144 2179 495 2272 pulvino,
541 2194 613 2247 ut
661 2178 1060 2247 dormientes
1109 2177 1441 2248 olfaciant.
1502 2180 1966 2272 Appetentiam
2010 2179 2308 2247 ciborum

248 2437 275 2472 1
292 2417 356 2470 3.
376 2417 445 2471 Ue
456 2418 745 2490 hyoscyami.
766 2416 844 2469 De
862 2435 972 2487 quo
994 2415 1201 2472 dicetur

150 2497 261 2550 lib.
290 2497 479 2560 XXV,
506 2515 593 2567 17.
617 2495 799 2549 Hsnn.

251 2597 278 2632 1
296 2584 355 2640 4.
382 2575 721 2647 Similiterque.
751 2575 828 2628 Ut
856 2575 913 2627 in
939 2575 1198 2649 hyoscya-

154 2675 257 2709 mo
316 2657 497 2710 evenit
516 2696 533 2721 ‚
595 2659 745 2726 cujus
793 2656 935 2708 soliis
994 2670 1199 2710 constat

154 2750 413 2791 mentem
461 2736 736 2806 corrumpi
752 2773 768 2798 ,
809 2748 871 2787 ut
920 2754 1018 2788 suo
1076 2737 1194 2789 loco

152 2814 384 2869 dicetur
404 2814 652 2888 proxime
677 2815 966 2886 appellato,
986 2816 1027 2868 si
1042 2816 1197 2887 plura

158 2914 337 2966 quam
363 2908 591 2967 quatuor
611 2895 878 2948 bibantur.
899 2892 977 2946 De
997 2895 1195 2947 melan-

158 2974 285 3029 thio
304 2974 547 3029 Dioscor.
568 2974 605 3028 l.
626 2992 675 3027 ο.
706 2974 837 3026 Φασὶ
861 2970 920 3026 δὲ
949 2975 1032 3028 καὶ
1056 2976 1193 3027 &vat-

158 3058 259 3124 ριῖν
282 3056 409 3109 αὐτὸ
432 3057 594 3108 πλεῖον
626 3057 789 3107 ποθέν.
814 3053 994 3107 ΒΑΜ).

254 3134 351 3188 15.
384 3135 562 3203 Quum,
583 3133 701 3185 Lib.
724 3152 842 3203 sup.
869 3152 984 3204 cap.
1012 3135 1103 3185 52.
1122 3131 1190 3184 H.

255 3216 348 3267 ιδ.
382 3214 599 3266 Urinam.
638 3213 694 3266 Si
722 3230 917 3282 nempe
951 3212 1195 3283 pluribus

162 3290 363 3346 diebus
394 3292 656 3347 continuis
678 3305 945 3353 sumatur,
982 3304 1042 3344 ut
1062 3290 1195 3344 dicit

162 3372 417 3425 Dioscor.
439 3373 475 3425 l.
504 3392 551 3425 c.
571 3370 714 3424 Vide
732 3373 892 3425 etiam
916 3371 1101 3425 Galen.
1125 3369 1193 3423 de

165 3450 293 3505 Fac.
316 3452 497 3523 simpl.
520 3449 662 3504 med.
686 3452 794 3503 vll
810 3491 826 3515 ‚
856 3470 907 3522 p.
940 3453 1060 3503 206.
1080 3452 1149 3503 Η.

254 3550 349 3603 17.
376 3531 640 3601 Deligatis.
681 3530 750 3583 Et
780 3532 839 3585 in
866 3549 1021 3601 pesso
1067 3531 1192 3582 sub-

162 3608 311 3664 ditis.
344 3612 479 3665 Du..
506 3642 588 3653 --
615 3610 859 3663 Gronov.
893 3622 946 3662 et
971 3610 1039 3662 al.
1072 3623 1193 3663 ante

162 3690 333 3743 nard.
362 3691 594 3761 alligauit.
630 3690 733 3741 En.

254 3772 346 3824 18.
374 3769 538 3823 Clanis
561 3773 611 3823 ἰη
626 3769 827 3840 pedibus
848 3768 1040 3821 mederi.
1070 3768 1191 3821 Cir-

165 3849 597 3903 cumscariflcatis
618 3888 632 3911 ,
676 3847 877 3902 mederi
916 3848 1101 3900 tritum
1135 3848 1192 3899 in

168 3928 329 3980 urina
359 3941 553 3982 vetere.
574 3922 877 3981 Dioscorid.
895 3930 1098 3981 Duae.
1115 3958 1193 3966 —

168 4008 347 4060 Aiunt.
390 4008 565 4061 Diosc.
597 4008 634 4060 1.
668 4027 713 4061 c.
746 4008 845 4061 Kal
884 4008 1023 4067 ἥλους
1060 4027 1194 4077 παρι-

168 4091 509 4156 χαραχθὲντας
536 4088 811 4141 invivicem
835 4089 918 4139 σὺν
947 4088 1066 4155 οὔρῳ
1094 4107 1197 4139 πα.-

1284 2424 1429 2488 ²²⁸5?-
1480 2443 1504 2462 ·
1549 2418 1741 2472 Claros
1789 2417 2312 2472 circumscariflcatos

1288 2498 1482 2550 excutit
1522 2515 1644 2550 cum
1678 2497 1832 2551 urina
1868 2510 2047 2550 vetere
2091 2498 2311 2568 imposi-

1289 2590 1423 2631 tum.
1443 2603 1466 2624 ι
1499 2578 1717 2648 vulgati
1758 2578 1968 2633 codices
2002 2578 2200 2631 habent
2222 2580 2306 2631 σὺν

1286 2658 1416 2727 οἴνῳ.
1451 2660 1522 2709 At
1556 2657 1805 2732 Serapio,
1849 2671 1908 2711 ut
1944 2658 2176 2725 Plinius,
2221 2661 2306 2712 σὺν

1286 2738 1407 2809 οὔρῳ
1436 2737 1614 2791 habet.
1641 2736 1818 2791 Hsnn.

1363 2816 1592 2869 Lxxn.
1629 2835 1677 2869 ι.
1701 2818 1776 2869 Et
1789 2822 1993 2869 anuum.
2016 2818 2096 2869 lta
2121 2818 2308 2870 Nican-

1283 2893 1379 2948 der
1404 2896 1461 2949 in
1488 2896 1650 2949 Ther.
1679 2915 1800 2967 pag.
1833 2903 1904 2960 44
1922 2935 1938 2960 ‚
1970 2895 2059 2948 ubi
2102 2898 2304 2951 ἄννησον

1283 2976 1536 3029 scribitur
1575 2994 1589 3028 ε
1629 2975 1776 3046 quod
1805 2976 1989 3029 Atticae
2022 2988 2304 3028 consuetu-

1282 3052 1421 3107 dinis
1460 3072 1569 3107 esse
1602 3056 1867 3125 geminato
1911 3077 1936 3105 ν
1989 3054 2308 3107 scholiastes

1280 3132 1528 3187 admonet
1551 3153 1607 3204 p.
1638 3132 1668 3185 3
1685 3152 1732 3187 ι.
1757 3132 1844 3186 Sic
1876 3132 2034 3186 etiam
2061 3132 2300 3185 Dioscor.

1280 3213 1393 3275 111,
1418 3212 1486 3265 65
1506 3249 1521 3270 ‚
1548 3211 1696 3282 apud
1718 3232 1878 3283 quem
1903 3212 2065 3265 ἄνισον
2095 3212 2300 3283 vulgari

1280 3310 1433 3344 more
1452 3292 1512 3345 de
1538 3292 1705 3344 l'am's.
1724 3293 1942 3345 leonem
1957 3289 2100 3363 apud
2119 3291 2301 3345 Dodo-

1279 3389 1456 3423 naeum
1484 3369 1628 3436 vide,
1646 3390 1766 3443 pag.
1793 3373 1998 3440 ²97·1¹1
2026 3370 2175 3424 MSS.
2191 3390 2307 3425 om-

1278 3450 1472 3515 nibus,
1516 3452 1644 3521 Reg.
1669 3451 1824 3505 Colb.
1863 3464 1963 3503 etc.
1994 3470 2189 3501 anesum
2226 3451 2304 3503 le-

1278 3530 1438 3600 gitur.
1468 3531 1654 3583 Ham).
2267 3520 2274 3526 ’

1363 3628 1415 3661 2.
1444 3609 1600 3661 Panis
1624 3613 1767 3661 etiam
1790 3612 1979 3664 crustis.
2022 3608 2100 3661 Ut
2141 3610 2302 3663 smmi

1281 3701 1334 3741 et
1356 3690 1730 3751 melanthium,
1760 3690 2072 3743 feniculum.
2099 3690 2234 3743 Du..

1364 3768 1414 3821 3.
1441 3768 1622 3823 Saecis.
1644 3769 1853 3835 Quibus
1874 3770 1996 3821 vina
2010 3782 2302 3833 snt-eantur,

1279 3847 1390 3900 sive
1445 3850 1817 3921 percolantur,
1879 3862 1934 3902 ut
1981 3847 2182 3901 dictum
2228 3863 2305 3901 est

1281 3927 1437 3992 XIV,
1463 3930 1566 3993 283
1611 3929 1835 3992 XVIII,
1869 3945 1955 3999 ¹7·
1986 3927 2128 3979 Vide
2152 3928 2300 3979 Hier.

1284 4006 1589 4061 Morem-inl.
1612 4010 1770 4062 Van-r.
1791 4010 1938 4061 Lect.
1958 4008 2012 4059 II
2033 4048 2047 4069 ‚
2077 4027 2167 4077 27·
2193 4008 2260 4059 H.

1372 4093 1423 4151 ⁴·
1454 4089 1608 4155 Quin.
1640 4079 1879 4141 Dioscor.
1906 4088 2023 4148 111,
2063 4087 2152 4137 65.
2182 4088 2251 4138 H.
