3150 5150
977 568 1293 636 LIBER
1345 568 1595 636 XVII.

2234 563 2331 637 23

227 719 530 768 consensu
567 693 894 766 laudatur.
925 699 1014 766 Et
1049 699 1118 766 in
1148 697 1451 792 frugibus
1482 697 1752 792 quidem
1789 697 2074 766 ferendis
2102 697 2334 766 eadem
2378 723 2436 759 υ

227 817 390 872 terra
407 800 632 872 utilior
657 802 1064 897 intelligitur,
1097 806 1353 897 quoties
1377 804 1745 874 intermissa
1775 801 2033 873 cultura
2054 803 2332 896 quievit:

229 907 445 1003 quod
425 933 497 976 ιιι
534 908 739 978 vineis
775 934 914 977 non
949 909 1063 978 fit.
1105 933 1316 1041 eoque
1343 909 1721 1004 diligentius
1753 907 2053 1004 eligenda
2080 923 2215 996 est,
2249 933 2337 980 ne

229 1038 373 1082 vera
403 1015 672 1082 exsistat
698 1016 922 1109 opinio
952 1014 1224 1084 eorum’
1258 1069 1278 1102 ‚
1301 1016 1418 1110 qui
1441 1017 1582 1108 jam
1610 1014 1817 1085 ltaliae
1840 1029 2087 1084 terram
2122 1015 2338 1084 existi-

229 1143 474 1190 mavere
493 1118 753 1192 lassam.
791 1123 1031 1216 Operis
1057 1122 1320 1216 quidem
1342 1120 1390 1162 ²⁷
1423 1119 1741 1191 facultas
1722 1146 1792 1189 in
1821 1119 1963 1190 aliis
1990 1121 2339 1216 generibus

231 1239 468 1296 constat
501 1240 572 1294 et
598 1225 790 1296 caelo:
813 1251 937 1296 nec
968 1241 1189 1322 potest
1212 1229 1386 1296 arari
1415 1242 1566 1322 post
1595 1228 1837 1296 imbres
1866 1227 2123 1321 aliqua,
2147 1227 2339 1296 uber-
2382 1319 2389 1326 .

233 1333 366 1400 tatis
392 1329 582 1400 vitio³
589 1317 1026 1403 ⁸.lentescens
1071 1337 1356 1422 Contra,
1399 1335 1470 1403 in
1517 1335 1791 1428 Byzacio
1808 1331 1859 1372 '⁹
1885 1332 2122 1403 Africae
2152 1332 2336 1404 illum

234 1551 486 1604 combusta
513 1551 767 1622 proxime
793 1552 877 1604 sit.
903 1553 1016 1606 Nec
1039 1550 1099 1604 id
1126 1553 1236 1604 for-

233 1630 348 1682 sitan
371 1647 466 1700 per
486 1647 547 1682 se
569 1631 705 1702 ugit,
729 1629 822 1684 sed
841 1629 1236 1702 quodammodo

235 1727 316 1780 per
340 1721 588 1762 eventum
623 1727 637 1762 ε
679 1710 896 1781 impluit
931 1711 1074 1763 enim
1107 1709 1236 1765 locis

236 1789 317 1841 ubi
359 1788 676 1844 eonstiterit.
733 1791 947 1862 Quippe
1005 1790 1236 1844 materia

233 1867 499 1922 combusta
543 1867 814 1922 admixtus
846 1870 1046 1922 humor
1079 1887 1240 1940 vapo-

234 1965 332 2000 rem
355 1946 643 2018 quemdam
667 1947 993 2020 odoremque
1009 1949 1233 2011 excitat,

235 2045 388 2097 neque
412 2027 562 2079 enim
589 2045 737 2098 aqua
761 2029 992 2080 multum
1019 2027 1236 2082 descen·

233 2106 324 2170 dit,
355 2103 444 2158 sed
477 2125 673 2178 magna
713 2119 866 2178 parte
907 2118 1066 2178 guttae
1107 2107 1240 2160 irro-

235 2197 361 2249 rant,
383 2183 454 2237 iu
480 2197 544 2238 ut
582 2185 859 2240 caliditatis
884 2187 1238 2257 siccitatisque

239 2261 408 2318 modus
430 2283 538 2317 non
573 2264 726 2318 desit.
751 2291 774 2311 ι
809 2267 935 2318 Hac
959 2266 1236 2338 Theophr.

237 2344 586 2397 Psuncinatur
609 2345 768 2398 etiam
796 2345 1112 2398 correctioni
1141 2362 1239 2398 no·

237 2435 342 2476 stra
355 2424 581 2479 Aristot.
600 2421 916 2477 duodecima
932 2424 1239 2478 Problema-

239 2515 336 2556 tum
361 2516 480 2557 sect.
504 2509 580 2567 4,
615 2517 798 2575 quast.
822 2504 890 2557 3.·
926 2504 1242 2570 Provenit,

239 2584 429 2655 inquit,
466 2583 656 2638 odoris
695 2584 790 2637 ille
833 2584 1083 2649 affectus,
1125 2604 1234 2637 non

237 2662 678 2735 qualitercumque
695 2683 752 2717 se
775 2664 1016 2716 materies
1027 2664 1238 2729 habeat,

239 2760 390 2813 neque
428 2744 578 2796 enim
625 2743 686 2795 in
733 2741 920 2810 viridi,
957 2762 1132 2814 neque
1181 2744 1238 2795 in

239 2820 392 2888 arida,
410 2821 583 2875 sedin
613 2835 733 2875 usta
761 2834 882 2894 post
902 2840 1092 2893 aquam
1123 2842 1240 2895 que

239 2902 368 2955 areni
409 2901 804 2972 supervenerit,
843 2915 1040 2956 certam
1085 2900 1240 2955 reddi

241 2982 525 3035 suavitatem
574 2979 760 3035 odoris
807 2994 1044 3053 pastores
1103 2984 1241 3036 refe-

243 3072 366 3113 runt.
387 3086 408 3107 ι
441 3062 608 3114 err.
622 3062 891 3113 —Verere
905 3061 1044 3113 siloa.
1065 3062 1242 3129 Quam

243 3140 552 3208 potissimum
599 3140 863 3212 Virgilius
910 3138 1088 3194 laudnt
1106 3181 1123 3205 ‚
1183 3151 1244 3192 ut

243 3218 454 3272 diximus
479 3220 648 3291 paulo
678 3234 862 3286 antea,
897 3246 920 3267 ι
947 3219 1107 3273 Unde
1139 3220 1242 3273 ira-

245 3310 322 3365 tus
343 3298 522 3352 silvam
565 3297 787 3353 devexit
820 3311 1016 3363 arator,
1053 3300 1122 3353 Et
1150 3318 1243 3354 ne-

245 3395 373 3431 mora
395 3379 587 3432 evertit
602 3418 620 3443 ,
647 3390 755 3433 etc.
776 3405 797 3426 ι
821 3379 1006 3432 Eun.

315 3462 398 3511 26.
427 3458 616 3529 Opinio
641 3478 833 3523 eorum,
851 3472 951 3512 etc.
965 3457 1246 3530 Etiamque

246 3534 494 3589 Tremellii
516 3539 719 3591 Scrofa
741 3537 1096 3610 aliorumque,
1117 3556 1250 3609 quos

245 3615 520 3669 Columella
559 3617 826 3688 appellen
860 3619 1008 3689 cujus
1045 3618 1248 3687 perele-

247 3712 354 3763 gans
373 3693 438 3747 de
467 3697 576 3749 hoc
602 3708 918 3767 argumento
940 3696 1111 3750 oratio
1133 3707 1212 3749 est
1229 3736 1245 3760 ‚

250 3786 344 3825 tum
371 3774 426 3827 in
459 3777 618 3846 pref.
651 3778 859 3845 operis,
891 3788 1008 3829 tum
1035 3776 1134 3827 lib.
1168 3776 1250 3841 11,

249 3870 349 3923 cap.
376 3871 398 3907 ι
421 3872 436 3908 τ
478 3880 502 3901 ·
523 3856 772 3921 Quaeris,
809 3854 982 3925 inquit
998 3893 1013 3918 ,
1041 3872 1106 3907 ex
1133 3872 1250 3919 me,

253 3930 384 3985 Publi
429 3932 637 3988 Silvine
653 3974 670 3999 ,
706 3953 836 3999 eur,
884 3934 1064 4007 priore
1110 3934 1250 3987 libro

253 4010 484 4067 Veterum
542 4014 858 4085 opinionem
911 4014 1079 4067 ferme
1132 4031 1250 4065 om-

253 4089 509 4163 nium,qni
532 4090 606 4146 de
633 4094 788 4147 cultu
811 4112 1058 4164 agrorum
1083 4092 1252 4146 locuti

251 4182 383 4236 sunt,
416 4189 445 4223 a
479 4172 758 4245 principio
787 4172 1062 4227 confestim
1093 4190 1252 4243 repu-

1318 1553 1473 1605 lerim
1490 1591 1506 1617 ,
1529 1553 1818 1625 falsamque
1842 1553 2157 1607 seutentiam
2188 1569 2343 1622 repu-

1318 1630 1607 1694 diaverim,
1660 1632 1987 1685 censentium
2036 1632 2195 1703 longo
2243 1629 2341 1683 ovi

1320 1711 1454 1775 situ,
1491 1711 1748 1782 longique
1767 1713 1877 1782 jam
1904 1711 2158 1782 temporis
2188 1728 2342 1763 exer-

1321 1791 1570 1844 citatione
1606 1791 1867 1861 fatigatam
1903 1803 1957 1843 et
1991 1789 2204 1842 effetam
2240 1789 2342 1841 hu-

1321 1889 1472 1923 mum
1511 1870 1867 1924 consenuisse.
1902 1869 2012 1922 Nec
2043 1881 2096 1922 te
2120 1870 2339 1940 ignoro,

1320 1968 1487 2021 quum
1505 1962 1558 2002 et
1578 1949 1802 2002 aliorum
1823 1948 2105 2002 illustrium
2124 1947 2345 2020 scripto·

1319 2048 1471 2090 rum,
1505 2041 1621 2081 tum
1654 2028 1924 2100 praecipue
1945 2023 2219 2079 Tremellii
2245 2044 2341 2079 an-

1319 2109 1615 2162 ctoritatem
1636 2107 1894 2170 revereri,
1912 2106 2007 2177 qui
2028 2124 2195 2176 quum
2222 2106 2340 2176 plu·

1319 2189 1458 2241 rimu
1498 2187 1822 2240 rusticarum
1856 2204 2035 2240 rernm
2076 2195 2342 2256 precepta

1321 2267 1478 2320 simul
1512 2267 1782 2336 eleganter
1818 2277 1873 2318 et
1908 2266 2036 2318 scite
2076 2264 2343 2318 memorio

1321 2337 1620 2418 prodiderit
1635 2384 1651 2410 ,
1673 2343 1918 2398 videlicet
1942 2343 2148 2396 illectus
2172 2343 2341 2395 nimio

1321 2427 1504 2480 favore
1526 2423 1848 2495 priscorum,
1886 2422 1954 2475 de
1984 2420 2147 2476 simili
2174 2434 2341 2476 mate·

1320 2506 1401 2558 ria
1422 2503 1827 2568 disserentium,
1847 2503 1975 2556 falso
1998 2499 2227 2556 eredidit
2246 2519 2341 2572 pa-

1321 2598 1527 2639 rentem
1556 2584 1800 2637 omnium
1818 2597 2013 2637 terrum
2028 2621 2045 2649 ,
2064 2581 2202 2635 sicut
2229 2600 2344 2635 mu·

1323 2666 1544 2719 liebrem
1592 2682 1773 2717 sexum
1794 2702 1811 2733 ι
1864 2672 2014 2715 astate
2058 2661 2187 2715 anili
2233 2662 2343 2731 jum

1323 2745 1617 2797 confectum
1632 2782 1649 2806 ,
1682 2739 2099 2813 progenerandis
2126 2758 2237 2794 esse
2266 2740 2344 2793 l'e-

1321 2824 1466 2877 tibus
1499 2822 1821 2887 inhabilem,
1861 2834 1963 2874 etc.
1990 2848 2012 2867 ι
2046 2822 2129 2873 De
2164 2819 2345 2873 Scrofa

1323 2902 1615 2957 Tremellio
1634 2901 1836 2973 egimus
1860 2899 1917 2952 in
1938 2902 2237 2952 Auctorum
2259 2900 2345 2951 In-

1329 2982 1464 3036 dice.
1493 2982 1675 3033 Hum.

1411 3080 1505 3131 ²7·
1532 3061 1707 3132 Operis
1736 3058 1940 3132 quidem.
1976 3056 2179 3112 Arandi
2219 3077 2344 3130 pro·

1327 3139 1603 3213 scindique
1635 3140 1733 3193 soli
1766 3138 1987 3193 facilitas
2012 3140 2068 3191 in
2094 3137 2209 3189 aliis
2238 3150 2347 3191 ter-

1328 3239 1510 3275 rarum
1533 3219 1813 3289 generibus
1836 3237 1866 3271 a
1892 3218 2021 3271 calo
2046 3214 2261 3288 pendet.
2276 3216 2347 3270 Η.

1415 3302 1504 3354 28.
1531 3298 1775 3351 Uber-tutis
1790 3300 1932 3350 vitio.
1962 3296 2050 3349 Ob
2078 3296 2347 3367 pinguitu-

1328 3377 1529 3443 dinem,
1549 3396 1667 3449 qnae
1688 3377 1985 3429 ubertatem
2008 3375 2156 3436 facit.
2182 3392 2350 3447 quum

1329 3476 1546 3511 vomere
1592 3453 1886 3521 scinditur,
1940 3454 2214 3520 lentescit,
2250 3472 2352 3507 nec

1331 3536 1556 3591 friabilis
1583 3547 1690 3600 est,
1716 3534 2058 3606 solubilisque
2086 3534 2145 3587 in
2171 3532 2357 3604 pulve-

1333 3635 1470 3671 rem.
1495 3615 1679 3670 Huni.

1421 3715 1512 3764 ²9·
1548 3696 1611 3748 In
1638 3695 1873 3767 Byzacio.
1896 3694 1978 3747 De
2010 3712 2075 3747 eo
2095 3696 2205 3765 jam
2223 3690 2359 3745 dixi·

1335 3794 1454 3828 mus
1474 3776 1569 3828 lib.
1590 3774 1662 3838 V,
1692 3792 1808 3845 etp.
1836 3772 1907 3841 33
1949 3772 2042 3827 sed
2076 3774 2152 3826 ibi
2176 3776 2356 3825 'cente-

1335 3855 1466 3908 sima
1511 3864 1719 3907 tantum
1758 3853 1911 3925 fruge
1944 3850 2169 3906 reddere
2205 3852 2358 3904 senus

1337 3946 1478 3987 terra
1518 3930 1715 3986 dicitur
1755 3933 1895 3987 forte
1930 3930 2185 3985 mendose
2200 3968 2219 3995 ,
2255 3948 2359 4000 pro

1337 4026 1560 4067 centena
1604 4010 1993 4085 quinquagena.
2034 4011 2223 4075 Quum
2262 4009 2359 4061 lib.

1337 4092 1531 4147 XVIII
1549 4110 1816 4163 ,cap.21,
1852 4110 1923 4143 «e
1951 4088 2165 4153 modio,
2196 4100 2260 4140 ut
2288 4088 2365 4141 ait

1341 4173 1488 4243 ipse,
1527 4172 1583 4225 in
1630 4170 1856 4244 Byzacio
1903 4169 2093 4222 Africo
2134 4184 2329 4239 campo
2348 4206 2366 4232 ,

2034 4260 2111 4345 2⁴
