<?xml version="1.0" encoding="UTF-8"?>
<!DOCTYPE html PUBLIC "-//W3C//DTD XHTML 1.0 Transitional//EN"
    "http://www.w3.org/TR/xhtml1/DTD/xhtml1-transitional.dtd">
<html xmlns="http://www.w3.org/1999/xhtml" xml:lang="en" lang="en">
 <head>
  <title>
</title>
<meta http-equiv="Content-Type" content="text/html;charset=utf-8" />
  <meta name='ocr-system' content='tesseract 3.04.00' />
  <meta name='ocr-capabilities' content='ocr_page ocr_carea ocr_par ocr_line ocrx_word'/>
</head>
<body>
  <div class='ocr_page' id='page_1' title='image "./caiipliniisecun01hardgoog_0539.png"; bbox 0 0 3150 5150; ppageno 0'>
   <div class='ocr_carea' id='block_1_1' title="bbox 890 453 2246 606">
    <p class='ocr_par' dir='ltr' id='par_1_1' title="bbox 890 453 2246 606">
     <span class='ocr_line' id='line_1_1' title="bbox 890 453 2246 606; baseline 0.006 -34"><span class='ocrx_word' id='word_1_1' title='bbox 890 501 1225 575; x_wconf 79' lang='lat' dir='ltr'><strong>LIBER</strong></span> <span class='ocrx_word' id='word_1_2' title='bbox 1282 453 1485 574; x_wconf 71' lang='lat' dir='ltr'><strong>XX.⁸</strong></span> <span class='ocrx_word' id='word_1_3' title='bbox 2093 505 2246 606; x_wconf 76' lang='lat'><strong>5²9</strong></span> 
     </span>
    </p>
   </div>
   <div class='ocr_carea' id='block_1_2' title="bbox 144 633 2319 2641">
    <p class='ocr_par' dir='ltr' id='par_1_2' title="bbox 144 633 2319 2641">
     <span class='ocr_line' id='line_1_2' title="bbox 144 633 2245 733; baseline 0.002 -27"><span class='ocrx_word' id='word_1_4' title='bbox 144 649 237 706; x_wconf 76' lang='lat' dir='ltr'><strong>iut</strong></span> <span class='ocrx_word' id='word_1_5' title='bbox 272 636 425 704; x_wconf 82' lang='lat' dir='ltr'><strong>vino</strong></span> <span class='ocrx_word' id='word_1_6' title='bbox 462 633 865 704; x_wconf 80' lang='lat' dir='ltr'><strong>absinthite:</strong></span> <span class='ocrx_word' id='word_1_7' title='bbox 908 648 977 704; x_wconf 87' lang='lat' dir='ltr'><strong>et</strong></span> <span class='ocrx_word' id='word_1_8' title='bbox 1022 635 1077 708; x_wconf 87' lang='lat' dir='ltr'><strong>si</strong></span> <span class='ocrx_word' id='word_1_9' title='bbox 1120 637 1319 707; x_wconf 89' lang='lat' dir='ltr'><strong>tussis</strong></span> <span class='ocrx_word' id='word_1_10' title='bbox 1350 636 1694 720; x_wconf 83' lang='lat' dir='ltr'><strong>sentiatur,</strong></span> <span class='ocrx_word' id='word_1_11' title='bbox 1739 635 2074 733; x_wconf 83' lang='lat' dir='ltr'><strong>hyssopite</strong></span> <span class='ocrx_word' id='word_1_12' title='bbox 2123 641 2245 710; x_wconf 88' lang='lat' dir='ltr'><strong>ad-</strong></span> 
     </span>
     <span class='ocr_line' id='line_1_3' title="bbox 144 737 2246 830; baseline 0.003 -20"><span class='ocrx_word' id='word_1_13' title='bbox 144 746 344 812; x_wconf 79' lang='lat' dir='ltr'><strong>rnixto.</strong></span> <span class='ocrx_word' id='word_1_14' title='bbox 389 743 655 812; x_wconf 77' lang='lat' dir='ltr'><strong>Dantur</strong></span> <span class='ocrx_word' id='word_1_15' title='bbox 698 737 982 812; x_wconf 86' lang='lat' dir='ltr'><strong>coeliaeis</strong></span> <span class='ocrx_word' id='word_1_16' title='bbox 1024 765 1180 812; x_wconf 89' lang='lat' dir='ltr'><strong>cum</strong></span> <span class='ocrx_word' id='word_1_17' title='bbox 1226 740 1459 812; x_wconf 88' lang='lat' dir='ltr'><strong>intubo</strong></span> <span class='ocrx_word' id='word_1_18' title='bbox 1497 742 1784 812; x_wconf 83' lang='lat' dir='ltr'><strong>erratico</strong></span> <span class='ocrx_word' id='word_1_19' title='bbox 1809 795 1832 830; x_wconf 89' lang='lat'>,</span> <span class='ocrx_word' id='word_1_20' title='bbox 1873 757 1942 813; x_wconf 92' lang='lat' dir='ltr'><strong>et</strong></span> <span class='ocrx_word' id='word_1_21' title='bbox 1993 745 2079 814; x_wconf 87' lang='lat' dir='ltr'><strong>ad</strong></span> <span class='ocrx_word' id='word_1_22' title='bbox 2121 746 2246 816; x_wconf 88' lang='lat' dir='ltr'><strong>du·</strong></span> 
     </span>
     <span class='ocr_line' id='line_1_4' title="bbox 144 832 2250 942; baseline 0.002 -24"><span class='ocrx_word' id='word_1_23' title='bbox 144 849 327 918; x_wconf 67' lang='lat' dir='ltr'><strong>ritiam</strong></span> <span class='ocrx_word' id='word_1_24' title='bbox 362 846 879 942; x_wconf 65' lang='lat' dir='ltr'><strong>praecordiorum</strong></span> <span class='ocrx_word' id='word_1_25' title='bbox 896 832 964 916; x_wconf 80' lang='lat'><strong>¹⁶.</strong></span> <span class='ocrx_word' id='word_1_26' title='bbox 1001 848 1269 917; x_wconf 77' lang='lat' dir='ltr'><strong>Dantur</strong></span> <span class='ocrx_word' id='word_1_27' title='bbox 1299 861 1369 917; x_wconf 90' lang='lat' dir='ltr'><strong>et</strong></span> <span class='ocrx_word' id='word_1_28' title='bbox 1406 845 1903 919; x_wconf 85' lang='lat' dir='ltr'><strong>melancholicis</strong></span> <span class='ocrx_word' id='word_1_29' title='bbox 1949 851 2250 923; x_wconf 74' lang='lat' dir='ltr'><strong>candidae</strong></span> 
     </span>
     <span class='ocr_line' id='line_1_5' title="bbox 144 953 2249 1050; baseline 0.002 -25"><span class='ocrx_word' id='word_1_30' title='bbox 144 955 547 1048; x_wconf 64' lang='lat' dir='ltr'><strong>eopiosiores,</strong></span> <span class='ocrx_word' id='word_1_31' title='bbox 589 967 659 1022; x_wconf 90' lang='lat' dir='ltr'><strong>et</strong></span> <span class='ocrx_word' id='word_1_32' title='bbox 692 953 777 1022; x_wconf 91' lang='lat' dir='ltr'><strong>ad</strong></span> <span class='ocrx_word' id='word_1_33' title='bbox 806 954 1037 1023; x_wconf 83' lang='lat' dir='ltr'><strong>vesicae</strong></span> <span class='ocrx_word' id='word_1_34' title='bbox 1078 953 1253 1023; x_wconf 85' lang='lat' dir='ltr'><strong>vitia.</strong></span> <span class='ocrx_word' id='word_1_35' title='bbox 1284 957 1694 1048; x_wconf 80' lang='lat' dir='ltr'><strong>Ptaxagoras</strong></span> <span class='ocrx_word' id='word_1_36' title='bbox 1726 969 1794 1024; x_wconf 91' lang='lat' dir='ltr'><strong>et</strong></span> <span class='ocrx_word' id='word_1_37' title='bbox 1821 954 2249 1050; x_wconf 82' lang='lat' dir='ltr'><strong>dysentericis</strong></span> 
     </span>
     <span class='ocr_line' id='line_1_6' title="bbox 144 1059 2246 1158; baseline 0.003 -29"><span class='ocrx_word' id='word_1_38' title='bbox 144 1059 313 1130; x_wconf 82' lang='lat' dir='ltr'><strong>ledit.</strong></span> <span class='ocrx_word' id='word_1_39' title='bbox 369 1059 709 1130; x_wconf 78' lang='lat' dir='ltr'><strong>Ambustis</strong></span> <span class='ocrx_word' id='word_1_40' title='bbox 752 1083 1017 1155; x_wconf 86' lang='lat' dir='ltr'><strong>quoque</strong></span> <span class='ocrx_word' id='word_1_41' title='bbox 1074 1072 1357 1154; x_wconf 87' lang='lat' dir='ltr'><strong>prosunt</strong></span> <span class='ocrx_word' id='word_1_42' title='bbox 1405 1060 1781 1130; x_wconf 84' lang='lat' dir='ltr'><strong>recentibus</strong></span> <span class='ocrx_word' id='word_1_43' title='bbox 1800 1113 1820 1148; x_wconf 93' lang='lat'>‚</span> <span class='ocrx_word' id='word_1_44' title='bbox 1862 1063 2246 1158; x_wconf 85' lang='lat' dir='ltr'><strong>priusquam</strong></span> 
     </span>
     <span class='ocr_line' id='line_1_7' title="bbox 144 1162 2319 1266; baseline 0.002 -30"><span class='ocrx_word' id='word_1_45' title='bbox 144 1165 391 1260; x_wconf 64' lang='lat' dir='ltr'><strong>pustulae</strong></span> <span class='ocrx_word' id='word_1_46' title='bbox 414 1164 611 1248; x_wconf 85' lang='lat' dir='ltr'><strong>fiant,</strong></span> <span class='ocrx_word' id='word_1_47' title='bbox 641 1189 796 1235; x_wconf 87' lang='lat' dir='ltr'><strong>cum</strong></span> <span class='ocrx_word' id='word_1_48' title='bbox 826 1162 960 1236; x_wconf 85' lang='lat' dir='ltr'><strong>sale</strong></span> <span class='ocrx_word' id='word_1_49' title='bbox 984 1163 1182 1236; x_wconf 83' lang='lat' dir='ltr'><strong>illitae.</strong></span> <span class='ocrx_word' id='word_1_50' title='bbox 1214 1164 1505 1236; x_wconf 83' lang='lat' dir='ltr'><strong>Hulcera</strong></span> <span class='ocrx_word' id='word_1_51' title='bbox 1526 1166 1759 1254; x_wconf 82' lang='lat' dir='ltr'><strong>etiam,</strong></span> <span class='ocrx_word' id='word_1_52' title='bbox 1777 1191 1924 1264; x_wconf 81' lang='lat' dir='ltr'><strong>quae</strong></span> <span class='ocrx_word' id='word_1_53' title='bbox 1949 1185 2248 1266; x_wconf 81' lang='lat' dir='ltr'><strong>serpunt,</strong></span> <span class='ocrx_word' id='word_1_54' title='bbox 2286 1183 2319 1239; x_wconf 81' lang='lat'>⁵</span> 
     </span>
     <span class='ocr_line' id='line_1_8' title="bbox 144 1271 2250 1372; baseline 0.001 -28"><span class='ocrx_word' id='word_1_55' title='bbox 144 1286 457 1360; x_wconf 59' lang='lat' dir='ltr'><strong>xercent,</strong></span> <span class='ocrx_word' id='word_1_56' title='bbox 495 1271 681 1342; x_wconf 84' lang='lat' dir='ltr'><strong>initio</strong></span> <span class='ocrx_word' id='word_1_57' title='bbox 708 1294 865 1342; x_wconf 89' lang='lat' dir='ltr'><strong>cum</strong></span> <span class='ocrx_word' id='word_1_58' title='bbox 896 1271 1291 1366; x_wconf 82' lang='lat' dir='ltr'><strong>aphronitro</strong></span> <span class='ocrx_word' id='word_1_59' title='bbox 1308 1322 1329 1356; x_wconf 91' lang='lat'>‚</span> <span class='ocrx_word' id='word_1_60' title='bbox 1360 1297 1518 1342; x_wconf 82' lang='lat' dir='ltr'><strong>mox</strong></span> <span class='ocrx_word' id='word_1_61' title='bbox 1555 1273 1626 1341; x_wconf 89' lang='lat' dir='ltr'><strong>in</strong></span> <span class='ocrx_word' id='word_1_62' title='bbox 1663 1274 1841 1344; x_wconf 81' lang='lat' dir='ltr'><strong>vino.</strong></span> <span class='ocrx_word' id='word_1_63' title='bbox 1873 1275 2076 1346; x_wconf 81' lang='lat' dir='ltr'><strong>Tritae</strong></span> <span class='ocrx_word' id='word_1_64' title='bbox 2111 1277 2250 1372; x_wconf 82' lang='lat' dir='ltr'><strong>igni</strong></span> 
     </span>
     <span class='ocr_line' id='line_1_9' title="bbox 144 1375 2250 1454; baseline 0.002 -6"><span class='ocrx_word' id='word_1_65' title='bbox 144 1403 303 1448; x_wconf 58' lang='lat' dir='ltr'><strong>{acro</strong></span> <span class='ocrx_word' id='word_1_66' title='bbox 340 1376 708 1448; x_wconf 87' lang='lat' dir='ltr'><strong>illinuntur.</strong></span> <span class='ocrx_word' id='word_1_67' title='bbox 752 1375 1089 1454; x_wconf 84' lang='lat' dir='ltr'><strong>Convulsa</strong></span> <span class='ocrx_word' id='word_1_68' title='bbox 1129 1392 1199 1446; x_wconf 90' lang='lat' dir='ltr'><strong>et</strong></span> <span class='ocrx_word' id='word_1_69' title='bbox 1255 1376 1476 1447; x_wconf 78' lang='lat' dir='ltr'><strong>luxata</strong></span> <span class='ocrx_word' id='word_1_70' title='bbox 1518 1377 1820 1448; x_wconf 86' lang='lat' dir='ltr'><strong>caulibus</strong></span> <span class='ocrx_word' id='word_1_71' title='bbox 1873 1382 2046 1452; x_wconf 88' lang='lat' dir='ltr'><strong>tritis</strong></span> <span class='ocrx_word' id='word_1_72' title='bbox 2091 1407 2250 1454; x_wconf 89' lang='lat' dir='ltr'><strong>cum</strong></span> 
     </span>
     <span class='ocr_line' id='line_1_10' title="bbox 144 1481 2250 1582; baseline 0.002 -28"><span class='ocrx_word' id='word_1_73' title='bbox 144 1484 379 1580; x_wconf 63' lang='lat' dir='ltr'><strong>polenta</strong></span> <span class='ocrx_word' id='word_1_74' title='bbox 410 1509 492 1554; x_wconf 86' lang='lat' dir='ltr'><strong>ex</strong></span> <span class='ocrx_word' id='word_1_75' title='bbox 527 1508 699 1579; x_wconf 82' lang='lat' dir='ltr'><strong>aqua</strong></span> <span class='ocrx_word' id='word_1_76' title='bbox 730 1481 968 1579; x_wconf 84' lang='lat' dir='ltr'><strong>frigida</strong></span> <span class='ocrx_word' id='word_1_77' title='bbox 1004 1481 1277 1552; x_wconf 86' lang='lat' dir='ltr'><strong>leniunt.</strong></span> <span class='ocrx_word' id='word_1_78' title='bbox 1314 1485 1722 1579; x_wconf 83' lang='lat' dir='ltr'><strong>Eruptiones</strong></span> <span class='ocrx_word' id='word_1_79' title='bbox 1737 1483 1784 1525; x_wconf 87' lang='lat'><strong>¹⁷</strong></span> <span class='ocrx_word' id='word_1_80' title='bbox 1821 1485 2250 1582; x_wconf 89' lang='lat' dir='ltr'><strong>papularum,</strong></span> 
     </span>
     <span class='ocr_line' id='line_1_11' title="bbox 144 1587 2249 1687; baseline 0.003 -27"><span class='ocrx_word' id='word_1_81' title='bbox 144 1615 203 1660; x_wconf 64' lang='lat' dir='ltr'><strong>tx</strong></span> <span class='ocrx_word' id='word_1_82' title='bbox 236 1592 389 1660; x_wconf 85' lang='lat' dir='ltr'><strong>vino</strong></span> <span class='ocrx_word' id='word_1_83' title='bbox 420 1605 491 1660; x_wconf 88' lang='lat' dir='ltr'><strong>et</strong></span> <span class='ocrx_word' id='word_1_84' title='bbox 525 1589 816 1684; x_wconf 80' lang='lat' dir='ltr'><strong>polenta.</strong></span> <span class='ocrx_word' id='word_1_85' title='bbox 854 1592 937 1660; x_wconf 89' lang='lat' dir='ltr'><strong>In</strong></span> <span class='ocrx_word' id='word_1_86' title='bbox 971 1587 1239 1660; x_wconf 88' lang='lat' dir='ltr'><strong>cholera</strong></span> <span class='ocrx_word' id='word_1_87' title='bbox 1274 1614 1543 1686; x_wconf 90' lang='lat' dir='ltr'><strong>quoque</strong></span> <span class='ocrx_word' id='word_1_88' title='bbox 1589 1605 1816 1662; x_wconf 87' lang='lat' dir='ltr'><strong>coctas</strong></span> <span class='ocrx_word' id='word_1_89' title='bbox 1854 1593 2094 1687; x_wconf 88' lang='lat' dir='ltr'><strong>patinis</strong></span> <span class='ocrx_word' id='word_1_90' title='bbox 2135 1594 2249 1666; x_wconf 89' lang='lat' dir='ltr'><strong>de-</strong></span> 
     </span>
     <span class='ocr_line' id='line_1_12' title="bbox 144 1693 2244 1790; baseline 0.003 -25"><span class='ocrx_word' id='word_1_91' title='bbox 144 1697 385 1767; x_wconf 76' lang='lat' dir='ltr'><strong>lei-unt:</strong></span> <span class='ocrx_word' id='word_1_92' title='bbox 412 1696 504 1765; x_wconf 80' lang='lat' dir='ltr'><strong>ad</strong></span> <span class='ocrx_word' id='word_1_93' title='bbox 527 1695 709 1790; x_wconf 89' lang='lat' dir='ltr'><strong>quod</strong></span> <span class='ocrx_word' id='word_1_94' title='bbox 730 1693 1087 1766; x_wconf 65' lang='lat' dir='ltr'><strong>utilissimae</strong></span> <span class='ocrx_word' id='word_1_95' title='bbox 1122 1719 1322 1789; x_wconf 90' lang='lat' dir='ltr'><strong>quam</strong></span> <span class='ocrx_word' id='word_1_96' title='bbox 1356 1696 1621 1766; x_wconf 82' lang='lat' dir='ltr'><strong>maximi</strong></span> <span class='ocrx_word' id='word_1_97' title='bbox 1657 1696 1864 1768; x_wconf 81' lang='lat' dir='ltr'><strong>caulis</strong></span> <span class='ocrx_word' id='word_1_98' title='bbox 1890 1712 1958 1767; x_wconf 88' lang='lat' dir='ltr'><strong>et</strong></span> <span class='ocrx_word' id='word_1_99' title='bbox 1981 1723 2244 1771; x_wconf 79' lang='lat' dir='ltr'><strong>amarae.</strong></span> 
     </span>
     <span class='ocr_line' id='line_1_13' title="bbox 144 1787 2246 1891; baseline 0.003 -20"><span class='ocrx_word' id='word_1_100' title='bbox 144 1803 395 1891; x_wconf 73' lang='lat' dir='ltr'><strong>Quidam</strong></span> <span class='ocrx_word' id='word_1_101' title='bbox 414 1787 465 1828; x_wconf 82' lang='lat'><strong>¹⁸</strong></span> <span class='ocrx_word' id='word_1_102' title='bbox 501 1800 677 1872; x_wconf 82' lang='lat' dir='ltr'><strong>lacte</strong></span> <span class='ocrx_word' id='word_1_103' title='bbox 724 1801 1101 1872; x_wconf 84' lang='lat' dir='ltr'><strong>infundunt.</strong></span> <span class='ocrx_word' id='word_1_104' title='bbox 1143 1801 1600 1874; x_wconf 85' lang='lat' dir='ltr'><strong>Defervefacti</strong></span> <span class='ocrx_word' id='word_1_105' title='bbox 1640 1804 1712 1872; x_wconf 92' lang='lat' dir='ltr'><strong>hi</strong></span> <span class='ocrx_word' id='word_1_106' title='bbox 1752 1803 1976 1875; x_wconf 88' lang='lat' dir='ltr'><strong>caules</strong></span> <span class='ocrx_word' id='word_1_107' title='bbox 2005 1820 2074 1875; x_wconf 90' lang='lat' dir='ltr'><strong>et</strong></span> <span class='ocrx_word' id='word_1_108' title='bbox 2111 1821 2246 1877; x_wconf 86' lang='lat' dir='ltr'><strong>sto·</strong></span> 
     </span>
     <span class='ocr_line' id='line_1_14' title="bbox 144 1907 2250 1983; baseline 0.003 -7"><span class='ocrx_word' id='word_1_109' title='bbox 144 1909 349 1979; x_wconf 74' lang='lat' dir='ltr'><strong>macho</strong></span> <span class='ocrx_word' id='word_1_110' title='bbox 378 1907 705 1980; x_wconf 86' lang='lat' dir='ltr'><strong>utilissimi</strong></span> <span class='ocrx_word' id='word_1_111' title='bbox 734 1908 1126 1977; x_wconf 86' lang='lat' dir='ltr'><strong>traduntur:</strong></span> <span class='ocrx_word' id='word_1_112' title='bbox 1162 1909 1333 1978; x_wconf 90' lang='lat' dir='ltr'><strong>sicut</strong></span> <span class='ocrx_word' id='word_1_113' title='bbox 1362 1933 1602 1979; x_wconf 87' lang='lat' dir='ltr'><strong>somno</strong></span> <span class='ocrx_word' id='word_1_114' title='bbox 1633 1909 1924 1979; x_wconf 80' lang='lat' dir='ltr'><strong>aestiva¹⁹</strong></span> <span class='ocrx_word' id='word_1_115' title='bbox 1965 1913 2250 1983; x_wconf 86' lang='lat' dir='ltr'><strong>maxime</strong></span> 
     </span>
     <span class='ocr_line' id='line_1_15' title="bbox 146 2013 2246 2108; baseline 0.002 -24"><span class='ocrx_word' id='word_1_116' title='bbox 146 2030 397 2103; x_wconf 80' lang='lat' dir='ltr'><strong>actuca,</strong></span> <span class='ocrx_word' id='word_1_117' title='bbox 440 2030 513 2085; x_wconf 90' lang='lat' dir='ltr'><strong>et</strong></span> <span class='ocrx_word' id='word_1_118' title='bbox 546 2037 773 2084; x_wconf 86' lang='lat' dir='ltr'><strong>amara</strong></span> <span class='ocrx_word' id='word_1_119' title='bbox 813 2013 1194 2108; x_wconf 86' lang='lat' dir='ltr'><strong>lacteusque</strong></span> <span class='ocrx_word' id='word_1_120' title='bbox 1218 2065 1239 2095; x_wconf 87' lang='lat'>,</span> <span class='ocrx_word' id='word_1_121' title='bbox 1278 2037 1477 2108; x_wconf 88' lang='lat' dir='ltr'><strong>quam</strong></span> <span class='ocrx_word' id='word_1_122' title='bbox 1516 2014 1934 2086; x_wconf 88' lang='lat' dir='ltr'><strong>meconidem</strong></span> <span class='ocrx_word' id='word_1_123' title='bbox 1958 2015 2010 2042; x_wconf 79' lang='lat'><strong>²⁰</strong></span> <span class='ocrx_word' id='word_1_124' title='bbox 2046 2042 2246 2104; x_wconf 78' lang='lat' dir='ltr'><strong>voca·</strong></span> 
     </span>
     <span class='ocr_line' id='line_1_16' title="bbox 144 2117 2248 2196; baseline 0.004 -10"><span class='ocrx_word' id='word_1_125' title='bbox 144 2123 339 2192; x_wconf 67' lang='lat' dir='ltr'><strong>vimus.</strong></span> <span class='ocrx_word' id='word_1_126' title='bbox 374 2123 529 2190; x_wconf 85' lang='lat' dir='ltr'><strong>Hoc</strong></span> <span class='ocrx_word' id='word_1_127' title='bbox 560 2119 663 2192; x_wconf 88' lang='lat' dir='ltr'><strong>lac</strong></span> <span class='ocrx_word' id='word_1_128' title='bbox 682 2119 727 2145; x_wconf 85' lang='lat'><strong>²¹</strong></span> <span class='ocrx_word' id='word_1_129' title='bbox 756 2135 825 2190; x_wconf 89' lang='lat' dir='ltr'><strong>et</strong></span> <span class='ocrx_word' id='word_1_130' title='bbox 854 2117 1201 2190; x_wconf 88' lang='lat' dir='ltr'><strong>oculorum</strong></span> <span class='ocrx_word' id='word_1_131' title='bbox 1236 2117 1517 2190; x_wconf 86' lang='lat' dir='ltr'><strong>claritati</strong></span> <span class='ocrx_word' id='word_1_132' title='bbox 1545 2144 1700 2190; x_wconf 86' lang='lat' dir='ltr'><strong>cum</strong></span> <span class='ocrx_word' id='word_1_133' title='bbox 1737 2120 2042 2192; x_wconf 86' lang='lat' dir='ltr'><strong>muliebri</strong></span> <span class='ocrx_word' id='word_1_134' title='bbox 2078 2122 2248 2196; x_wconf 85' lang='lat' dir='ltr'><strong>lacte</strong></span> 
     </span>
     <span class='ocr_line' id='line_1_17' title="bbox 144 2225 2242 2325; baseline 0.002 -30"><span class='ocrx_word' id='word_1_135' title='bbox 144 2226 523 2298; x_wconf 71' lang='lat' dir='ltr'><strong>uilissimum</strong></span> <span class='ocrx_word' id='word_1_136' title='bbox 556 2251 699 2297; x_wconf 86' lang='lat' dir='ltr'><strong>esse</strong></span> <span class='ocrx_word' id='word_1_137' title='bbox 733 2228 1139 2322; x_wconf 67' lang='lat' dir='ltr'><strong>praecipitur,</strong></span> <span class='ocrx_word' id='word_1_138' title='bbox 1181 2225 1339 2295; x_wconf 87' lang='lat' dir='ltr'><strong>dum</strong></span> <span class='ocrx_word' id='word_1_139' title='bbox 1380 2229 1772 2322; x_wconf 84' lang='lat' dir='ltr'><strong>tempestive</strong></span> <span class='ocrx_word' id='word_1_140' title='bbox 1815 2230 2012 2325; x_wconf 88' lang='lat' dir='ltr'><strong>capiti</strong></span> <span class='ocrx_word' id='word_1_141' title='bbox 2047 2231 2242 2301; x_wconf 86' lang='lat' dir='ltr'><strong>inun-</strong></span> 
     </span>
     <span class='ocr_line' id='line_1_18' title="bbox 144 2330 2314 2428; baseline 0.003 -27"><span class='ocrx_word' id='word_1_142' title='bbox 144 2349 367 2427; x_wconf 68' lang='lat' dir='ltr'><strong>guntur.</strong></span> <span class='ocrx_word' id='word_1_143' title='bbox 397 2330 773 2403; x_wconf 86' lang='lat' dir='ltr'><strong>Oculorum</strong></span> <span class='ocrx_word' id='word_1_144' title='bbox 790 2333 838 2360; x_wconf 83' lang='lat'><strong>²⁸</strong></span> <span class='ocrx_word' id='word_1_145' title='bbox 860 2356 1125 2427; x_wconf 88' lang='lat' dir='ltr'><strong>quoque</strong></span> <span class='ocrx_word' id='word_1_146' title='bbox 1151 2333 1361 2419; x_wconf 79' lang='lat' dir='ltr'><strong>vitiis,</strong></span> <span class='ocrx_word' id='word_1_147' title='bbox 1397 2357 1543 2428; x_wconf 82' lang='lat' dir='ltr'><strong>quae</strong></span> <span class='ocrx_word' id='word_1_148' title='bbox 1580 2333 1827 2428; x_wconf 82' lang='lat' dir='ltr'><strong>frigore</strong></span> <span class='ocrx_word' id='word_1_149' title='bbox 1859 2336 1926 2404; x_wconf 88' lang='lat' dir='ltr'><strong>in</strong></span> <span class='ocrx_word' id='word_1_150' title='bbox 1959 2335 2036 2406; x_wconf 88' lang='lat' dir='ltr'><strong>iis</strong></span> <span class='ocrx_word' id='word_1_151' title='bbox 2067 2336 2245 2407; x_wconf 85' lang='lat' dir='ltr'><strong>facta</strong></span> <span class='ocrx_word' id='word_1_152' title='bbox 2279 2357 2314 2408; x_wconf 87' lang='lat'>6</span> 
     </span>
     <span class='ocr_line' id='line_1_19' title="bbox 144 2436 2244 2534; baseline 0.003 -27"><span class='ocrx_word' id='word_1_153' title='bbox 144 2454 279 2509; x_wconf 78' lang='lat' dir='ltr'><strong>mnt.</strong></span> <span class='ocrx_word' id='word_1_154' title='bbox 317 2441 529 2510; x_wconf 81' lang='lat' dir='ltr'><strong>Miras</strong></span> <span class='ocrx_word' id='word_1_155' title='bbox 561 2453 630 2508; x_wconf 88' lang='lat' dir='ltr'><strong>et</strong></span> <span class='ocrx_word' id='word_1_156' title='bbox 676 2439 835 2508; x_wconf 85' lang='lat' dir='ltr'><strong>alias</strong></span> <span class='ocrx_word' id='word_1_157' title='bbox 884 2440 1149 2508; x_wconf 86' lang='lat' dir='ltr'><strong>invenio</strong></span> <span class='ocrx_word' id='word_1_158' title='bbox 1192 2436 1463 2508; x_wconf 80' lang='lat' dir='ltr'><strong>laudes:</strong></span> <span class='ocrx_word' id='word_1_159' title='bbox 1500 2439 1794 2534; x_wconf 81' lang='lat' dir='ltr'><strong>thoracis</strong></span> <span class='ocrx_word' id='word_1_160' title='bbox 1829 2443 2030 2510; x_wconf 85' lang='lat' dir='ltr'><strong>etiam</strong></span> <span class='ocrx_word' id='word_1_161' title='bbox 2067 2444 2244 2513; x_wconf 83' lang='lat' dir='ltr'><strong>vitiis</strong></span> 
     </span>
     <span class='ocr_line' id='line_1_20' title="bbox 144 2543 2237 2641; baseline 0 -26"><span class='ocrx_word' id='word_1_162' title='bbox 144 2546 409 2617; x_wconf 78' lang='lat' dir='ltr'><strong>&gt;rodesse</strong></span> <span class='ocrx_word' id='word_1_163' title='bbox 427 2600 448 2635; x_wconf 89' lang='lat'>‚</span> <span class='ocrx_word' id='word_1_164' title='bbox 484 2571 625 2615; x_wconf 88' lang='lat' dir='ltr'><strong>non</strong></span> <span class='ocrx_word' id='word_1_165' title='bbox 661 2568 849 2616; x_wconf 87' lang='lat' dir='ltr'><strong>secus</strong></span> <span class='ocrx_word' id='word_1_166' title='bbox 884 2569 1081 2641; x_wconf 86' lang='lat' dir='ltr'><strong>quam</strong></span> <span class='ocrx_word' id='word_1_167' title='bbox 1116 2543 1513 2617; x_wconf 87' lang='lat' dir='ltr'><strong>abrotonum</strong></span> <span class='ocrx_word' id='word_1_168' title='bbox 1531 2599 1550 2633; x_wconf 93' lang='lat'>,</span> <span class='ocrx_word' id='word_1_169' title='bbox 1587 2571 1738 2617; x_wconf 88' lang='lat' dir='ltr'><strong>cum</strong></span> <span class='ocrx_word' id='word_1_170' title='bbox 1781 2544 1975 2618; x_wconf 88' lang='lat' dir='ltr'><strong>melle</strong></span> <span class='ocrx_word' id='word_1_171' title='bbox 2010 2549 2237 2619; x_wconf 87' lang='lat' dir='ltr'><strong>attico.</strong></span> 
     </span>
    </p>
   </div>
   <div class='ocr_carea' id='block_1_3' title="bbox 146 2707 2245 4214">
    <p class='ocr_par' dir='ltr' id='par_1_3' title="bbox 146 2707 2245 2861">
     <span class='ocr_line' id='line_1_21' title="bbox 198 2707 2245 2781; baseline 0.001 -19"><span class='ocrx_word' id='word_1_172' title='bbox 198 2714 279 2763; x_wconf 83' lang='grc'><strong>16.</strong></span> <span class='ocrx_word' id='word_1_173' title='bbox 338 2708 748 2762; x_wconf 70' lang='lat' dir='ltr'><strong>Pmeordiomn.</strong></span> <span class='ocrx_word' id='word_1_174' title='bbox 799 2708 1130 2780; x_wconf 78' lang='lat' dir='ltr'><strong>Hypochon-</strong></span> <span class='ocrx_word' id='word_1_175' title='bbox 1214 2708 1467 2779; x_wconf 77' lang='lat' dir='ltr'><strong>papaveri</strong></span> <span class='ocrx_word' id='word_1_176' title='bbox 1489 2707 1696 2761; x_wconf 75' lang='lat' dir='ltr'><strong>viribus</strong></span> <span class='ocrx_word' id='word_1_177' title='bbox 1719 2726 1830 2763; x_wconf 87' lang='lat' dir='ltr'><strong>esse</strong></span> <span class='ocrx_word' id='word_1_178' title='bbox 1857 2728 2074 2781; x_wconf 85' lang='lat' dir='ltr'><strong>prorsus</strong></span> <span class='ocrx_word' id='word_1_179' title='bbox 2097 2711 2245 2765; x_wconf 85' lang='lat' dir='ltr'><strong>simi-</strong></span> 
     </span>
     <span class='ocr_line' id='line_1_22' title="bbox 146 2786 2245 2861; baseline 0.001 -20"><span class='ocrx_word' id='word_1_180' title='bbox 146 2786 371 2853; x_wconf 82' lang='lat' dir='ltr'><strong>lriorum,</strong></span> <span class='ocrx_word' id='word_1_181' title='bbox 394 2788 585 2853; x_wconf 85' lang='lat' dir='ltr'><strong>lienis,</strong></span> <span class='ocrx_word' id='word_1_182' title='bbox 604 2802 657 2842; x_wconf 86' lang='lat' dir='ltr'><strong>et</strong></span> <span class='ocrx_word' id='word_1_183' title='bbox 674 2788 899 2859; x_wconf 80' lang='lat' dir='ltr'><strong>hepatis.</strong></span> <span class='ocrx_word' id='word_1_184' title='bbox 924 2788 1127 2842; x_wconf 73' lang='lat' dir='ltr'><strong>nme.</strong></span> <span class='ocrx_word' id='word_1_185' title='bbox 1212 2787 1319 2842; x_wconf 83' lang='lat' dir='ltr'><strong>lem</strong></span> <span class='ocrx_word' id='word_1_186' title='bbox 1352 2786 1688 2841; x_wconf 72' lang='lat' dir='ltr'><strong>Dioscorides</strong></span> <span class='ocrx_word' id='word_1_187' title='bbox 1715 2788 1819 2853; x_wconf 80' lang='lat' dir='ltr'><strong>sit,</strong></span> <span class='ocrx_word' id='word_1_188' title='bbox 1847 2788 2078 2861; x_wconf 83' lang='lat' dir='ltr'><strong>ideoque</strong></span> <span class='ocrx_word' id='word_1_189' title='bbox 2109 2810 2245 2844; x_wconf 88' lang='lat' dir='ltr'><strong>non-</strong></span> 
     </span>
    </p>

    <p class='ocr_par' dir='ltr' id='par_1_4' title="bbox 148 2866 2244 3497">
     <span class='ocr_line' id='line_1_23' title="bbox 197 2866 2244 2939; baseline 0.001 -18"><span class='ocrx_word' id='word_1_190' title='bbox 197 2886 279 2938; x_wconf 87' lang='grc'><strong>17.</strong></span> <span class='ocrx_word' id='word_1_191' title='bbox 302 2870 613 2939; x_wconf 74' lang='lat' dir='ltr'><strong>Erupte‘ones.</strong></span> <span class='ocrx_word' id='word_1_192' title='bbox 630 2869 767 2934; x_wconf 67' lang='lat' dir='ltr'><strong>Qua</strong></span> <span class='ocrx_word' id='word_1_193' title='bbox 780 2866 963 2921; x_wconf 60' lang='lat' dir='ltr'><strong>Greci</strong></span> <span class='ocrx_word' id='word_1_194' title='bbox 985 2867 1127 2930; x_wconf 63' lang='lat' dir='ltr'><strong>tzav·</strong></span> <span class='ocrx_word' id='word_1_195' title='bbox 1211 2868 1389 2921; x_wconf 86' lang='lat' dir='ltr'><strong>nullos</strong></span> <span class='ocrx_word' id='word_1_196' title='bbox 1418 2884 1636 2921; x_wconf 85' lang='lat' dir='ltr'><strong>succum</strong></span> <span class='ocrx_word' id='word_1_197' title='bbox 1665 2870 1780 2938; x_wconf 81' lang='lat' dir='ltr'><strong>ejus</strong></span> <span class='ocrx_word' id='word_1_198' title='bbox 1809 2867 2035 2924; x_wconf 77' lang='lat' dir='ltr'><strong>lacteum</strong></span> <span class='ocrx_word' id='word_1_199' title='bbox 2065 2888 2244 2924; x_wconf 85' lang='lat' dir='ltr'><strong>meco-</strong></span> 
     </span>
     <span class='ocr_line' id='line_1_24' title="bbox 148 2946 2243 3018; baseline 0.002 -18"><span class='ocrx_word' id='word_1_200' title='bbox 148 2946 317 3017; x_wconf 63' lang='grc' dir='ltr'><strong>ἤματα..</strong></span> <span class='ocrx_word' id='word_1_201' title='bbox 336 2948 545 3002; x_wconf 77' lang='lat' dir='ltr'><strong>Plinius</strong></span> <span class='ocrx_word' id='word_1_202' title='bbox 564 2966 711 3001; x_wconf 82' lang='lat' dir='ltr'><strong>nunc</strong></span> <span class='ocrx_word' id='word_1_203' title='bbox 732 2947 1129 3018; x_wconf 66' lang='lat' dir='ltr'><strong>papulssmunc</strong></span> <span class='ocrx_word' id='word_1_204' title='bbox 1212 2946 1345 3000; x_wconf 83' lang='lat' dir='ltr'><strong>nino</strong></span> <span class='ocrx_word' id='word_1_205' title='bbox 1372 2947 1710 3018; x_wconf 79' lang='lat' dir='ltr'><strong>permiscere.</strong></span> <span class='ocrx_word' id='word_1_206' title='bbox 1734 2946 1870 3001; x_wconf 87' lang='lat' dir='ltr'><strong>Inde</strong></span> <span class='ocrx_word' id='word_1_207' title='bbox 1895 2950 2130 3003; x_wconf 84' lang='lat' dir='ltr'><strong>meconis</strong></span> <span class='ocrx_word' id='word_1_208' title='bbox 2155 2970 2243 3003; x_wconf 89' lang='lat' dir='ltr'><strong>eo·</strong></span> 
     </span>
     <span class='ocr_line' id='line_1_25' title="bbox 149 3024 2240 3100; baseline 0 -19"><span class='ocrx_word' id='word_1_209' title='bbox 149 3026 625 3100; x_wconf 68' lang='lat' dir='ltr'><strong>ruptionespituitn</strong></span> <span class='ocrx_word' id='word_1_210' title='bbox 645 3038 827 3080; x_wconf 78' lang='lat' dir='ltr'><strong>vocat:</strong></span> <span class='ocrx_word' id='word_1_211' title='bbox 852 3026 1127 3079; x_wconf 74' lang='lat' dir='ltr'><strong>tubercula</strong></span> <span class='ocrx_word' id='word_1_212' title='bbox 1212 3026 1517 3097; x_wconf 74' lang='lat' dir='ltr'><strong>gnominsts</strong></span> <span class='ocrx_word' id='word_1_213' title='bbox 1537 3037 1632 3080; x_wconf 85' lang='lat' dir='ltr'><strong>est.</strong></span> <span class='ocrx_word' id='word_1_214' title='bbox 1641 3024 1784 3079; x_wconf 85' lang='lat' dir='ltr'><strong>Vide</strong></span> <span class='ocrx_word' id='word_1_215' title='bbox 1798 3044 1959 3097; x_wconf 74' lang='lat' dir='ltr'><strong>supra</strong></span> <span class='ocrx_word' id='word_1_216' title='bbox 1973 3026 2070 3083; x_wconf 88' lang='lat' dir='ltr'><strong>lib.</strong></span> <span class='ocrx_word' id='word_1_217' title='bbox 2087 3030 2240 3093; x_wconf 82' lang='lat' dir='ltr'><strong>xlx,</strong></span> 
     </span>
     <span class='ocr_line' id='line_1_26' title="bbox 152 3104 2242 3181; baseline 0.001 -22"><span class='ocrx_word' id='word_1_218' title='bbox 152 3106 343 3162; x_wconf 80' lang='lat' dir='ltr'><strong>idelicet</strong></span> <span class='ocrx_word' id='word_1_219' title='bbox 361 3146 377 3173; x_wconf 90' lang='lat'>‚</span> <span class='ocrx_word' id='word_1_220' title='bbox 402 3126 525 3181; x_wconf 65' lang='lat' dir='ltr'><strong>que</strong></span> <span class='ocrx_word' id='word_1_221' title='bbox 548 3106 741 3179; x_wconf 67' lang='lat' dir='ltr'><strong>jejuno</strong></span> <span class='ocrx_word' id='word_1_222' title='bbox 762 3106 935 3159; x_wconf 69' lang='lat' dir='ltr'><strong>salim</strong></span> <span class='ocrx_word' id='word_1_223' title='bbox 960 3104 1127 3159; x_wconf 81' lang='lat' dir='ltr'><strong>defri-</strong></span> <span class='ocrx_word' id='word_1_224' title='bbox 1212 3125 1260 3159; x_wconf 91' lang='lat' dir='ltr'><strong>c.</strong></span> <span class='ocrx_word' id='word_1_225' title='bbox 1294 3111 1343 3158; x_wconf 88' lang='lat'><strong>8.</strong></span> <span class='ocrx_word' id='word_1_226' title='bbox 1373 3106 1578 3159; x_wconf 74' lang='lat' dir='ltr'><strong>nme.</strong></span> <span class='ocrx_word' id='word_1_227' title='bbox 1607 3136 1688 3149; x_wconf 89' lang='grc'><strong>--</strong></span> <span class='ocrx_word' id='word_1_228' title='bbox 1713 3106 2012 3159; x_wconf 75' lang='lat' dir='ltr'><strong>Meconidem</strong></span> <span class='ocrx_word' id='word_1_229' title='bbox 2047 3113 2242 3161; x_wconf 70' lang='lat' dir='ltr'><strong>vocavi-</strong></span> 
     </span>
     <span class='ocr_line' id='line_1_27' title="bbox 149 3183 2240 3257; baseline 0.002 -20"><span class='ocrx_word' id='word_1_230' title='bbox 149 3186 305 3241; x_wconf 82' lang='lat' dir='ltr'><strong>stione</strong></span> <span class='ocrx_word' id='word_1_231' title='bbox 332 3198 607 3240; x_wconf 76' lang='lat' dir='ltr'><strong>curantur.</strong></span> <span class='ocrx_word' id='word_1_232' title='bbox 637 3185 850 3257; x_wconf 70' lang='lat' dir='ltr'><strong>papulis</strong></span> <span class='ocrx_word' id='word_1_233' title='bbox 874 3185 1011 3239; x_wconf 85' lang='lat' dir='ltr'><strong>cutis</strong></span> <span class='ocrx_word' id='word_1_234' title='bbox 1034 3203 1125 3239; x_wconf 82' lang='lat' dir='ltr'><strong>ex·</strong></span> <span class='ocrx_word' id='word_1_235' title='bbox 1210 3204 1329 3237; x_wconf 79' lang='lat' dir='ltr'><strong>mus.</strong></span> <span class='ocrx_word' id='word_1_236' title='bbox 1378 3183 1496 3238; x_wconf 84' lang='lat' dir='ltr'><strong>Lib.</strong></span> <span class='ocrx_word' id='word_1_237' title='bbox 1544 3186 1655 3242; x_wconf 79' lang='lat' dir='ltr'><strong>lx,</strong></span> <span class='ocrx_word' id='word_1_238' title='bbox 1703 3184 1796 3256; x_wconf 84' lang='grc'><strong>37.</strong></span> <span class='ocrx_word' id='word_1_239' title='bbox 1839 3186 2068 3248; x_wconf 68' lang='lat' dir='ltr'><strong>Mami&lt;</strong></span> <span class='ocrx_word' id='word_1_240' title='bbox 2113 3199 2240 3241; x_wconf 67' lang='lat' dir='ltr'><strong>atro</strong></span> 
     </span>
     <span class='ocr_line' id='line_1_28' title="bbox 150 3263 2238 3337; baseline 0.001 -19"><span class='ocrx_word' id='word_1_241' title='bbox 150 3279 367 3337; x_wconf 74' lang='lat' dir='ltr'><strong>speratur</strong></span> <span class='ocrx_word' id='word_1_242' title='bbox 396 3306 411 3330; x_wconf 85' lang='lat'>‚</span> <span class='ocrx_word' id='word_1_243' title='bbox 462 3277 521 3319; x_wconf 88' lang='lat' dir='ltr'><strong>et</strong></span> <span class='ocrx_word' id='word_1_244' title='bbox 567 3266 727 3320; x_wconf 74' lang='lat' dir='ltr'><strong>rithet</strong></span> <span class='ocrx_word' id='word_1_245' title='bbox 756 3303 775 3330; x_wconf 86' lang='lat'>‚</span> <span class='ocrx_word' id='word_1_246' title='bbox 831 3265 1127 3336; x_wconf 77' lang='lat' dir='ltr'><strong>leviterque</strong></span> <span class='ocrx_word' id='word_1_247' title='bbox 1209 3263 1427 3317; x_wconf 64' lang='lat' dir='ltr'><strong>lactuca</strong></span> <span class='ocrx_word' id='word_1_248' title='bbox 1445 3276 1499 3317; x_wconf 82' lang='lat' dir='ltr'><strong>et</strong></span> <span class='ocrx_word' id='word_1_249' title='bbox 1518 3280 1710 3317; x_wconf 65' lang='lat' dir='ltr'><strong>amare</strong></span> <span class='ocrx_word' id='word_1_250' title='bbox 1725 3282 1916 3337; x_wconf 71' lang='lat' dir='ltr'><strong>genus,</strong></span> <span class='ocrx_word' id='word_1_251' title='bbox 1931 3266 2019 3319; x_wconf 87' lang='lat' dir='ltr'><strong>eui</strong></span> <span class='ocrx_word' id='word_1_252' title='bbox 2039 3284 2238 3321; x_wconf 83' lang='lat' dir='ltr'><strong>nomen</strong></span> 
     </span>
     <span class='ocr_line' id='line_1_29' title="bbox 150 3343 2238 3417; baseline 0.001 -20"><span class='ocrx_word' id='word_1_253' title='bbox 150 3344 322 3400; x_wconf 82' lang='lat' dir='ltr'><strong>oditur.</strong></span> <span class='ocrx_word' id='word_1_254' title='bbox 342 3346 557 3401; x_wconf 79' lang='lat' dir='ltr'><strong>Celsum</strong></span> <span class='ocrx_word' id='word_1_255' title='bbox 578 3344 703 3399; x_wconf 78' lang='lat' dir='ltr'><strong>vide</strong></span> <span class='ocrx_word' id='word_1_256' title='bbox 718 3384 735 3409; x_wconf 82' lang='lat'>,</span> <span class='ocrx_word' id='word_1_257' title='bbox 752 3345 825 3410; x_wconf 78' lang='lat' dir='ltr'><strong>V,</strong></span> <span class='ocrx_word' id='word_1_258' title='bbox 847 3362 895 3402; x_wconf 76' lang='lat' dir='ltr'><strong>c.</strong></span> <span class='ocrx_word' id='word_1_259' title='bbox 916 3358 1125 3417; x_wconf 80' lang='lat' dir='ltr'><strong>postre-</strong></span> <span class='ocrx_word' id='word_1_260' title='bbox 1210 3354 1289 3396; x_wconf 84' lang='lat' dir='ltr'><strong>est</strong></span> <span class='ocrx_word' id='word_1_261' title='bbox 1308 3362 1339 3396; x_wconf 84' lang='lat' dir='ltr'><strong>a</strong></span> <span class='ocrx_word' id='word_1_262' title='bbox 1361 3343 1507 3397; x_wconf 85' lang='lat' dir='ltr'><strong>lactis</strong></span> <span class='ocrx_word' id='word_1_263' title='bbox 1526 3343 1812 3413; x_wconf 73' lang='lat' dir='ltr'><strong>soporiferi</strong></span> <span class='ocrx_word' id='word_1_264' title='bbox 1833 3346 2004 3416; x_wconf 80' lang='lat' dir='ltr'><strong>copis.</strong></span> <span class='ocrx_word' id='word_1_265' title='bbox 2033 3346 2238 3401; x_wconf 73' lang='lat' dir='ltr'><strong>Laudat</strong></span> 
     </span>
     <span class='ocr_line' id='line_1_30' title="bbox 152 3420 2237 3497; baseline 0 -20"><span class='ocrx_word' id='word_1_266' title='bbox 152 3442 229 3489; x_wconf 81' lang='grc' dir='ltr'><strong>ιο,</strong></span> <span class='ocrx_word' id='word_1_267' title='bbox 260 3426 339 3480; x_wconf 81' lang='lat' dir='ltr'><strong>tit.</strong></span> <span class='ocrx_word' id='word_1_268' title='bbox 362 3426 425 3479; x_wconf 67' lang='lat' dir='ltr'><strong>da</strong></span> <span class='ocrx_word' id='word_1_269' title='bbox 453 3426 677 3497; x_wconf 75' lang='lat' dir='ltr'><strong>Papulis.</strong></span> <span class='ocrx_word' id='word_1_270' title='bbox 704 3422 889 3479; x_wconf 70' lang='lat' dir='ltr'><strong>Hsan.</strong></span> <span class='ocrx_word' id='word_1_271' title='bbox 1207 3439 1325 3476; x_wconf 76' lang='lat' dir='ltr'><strong>eam</strong></span> <span class='ocrx_word' id='word_1_272' title='bbox 1366 3420 1599 3475; x_wconf 82' lang='lat' dir='ltr'><strong>Galenus</strong></span> <span class='ocrx_word' id='word_1_273' title='bbox 1641 3421 1776 3477; x_wconf 72' lang='grc' dir='ltr'><strong>κατὰ</strong></span> <span class='ocrx_word' id='word_1_274' title='bbox 1817 3425 2034 3490; x_wconf 76' lang='grc' dir='ltr'><strong>τόπους,</strong></span> <span class='ocrx_word' id='word_1_275' title='bbox 2070 3427 2237 3493; x_wconf 86' lang='lat' dir='ltr'><strong>vm,</strong></span> 
     </span>
    </p>

    <p class='ocr_par' dir='ltr' id='par_1_5' title="bbox 150 3500 2243 3735">
     <span class='ocr_line' id='line_1_31' title="bbox 196 3500 1740 3577; baseline -0.001 -21"><span class='ocrx_word' id='word_1_276' title='bbox 196 3508 279 3560; x_wconf 81' lang='grc'><strong>18.</strong></span> <span class='ocrx_word' id='word_1_277' title='bbox 310 3506 544 3577; x_wconf 76' lang='lat' dir='ltr'><strong>Quidam.</strong></span> <span class='ocrx_word' id='word_1_278' title='bbox 562 3502 794 3571; x_wconf 78' lang='lat' dir='ltr'><strong>Quidam</strong></span> <span class='ocrx_word' id='word_1_279' title='bbox 830 3520 953 3557; x_wconf 85' lang='lat' dir='ltr'><strong>cum</strong></span> <span class='ocrx_word' id='word_1_280' title='bbox 988 3502 1123 3556; x_wconf 76' lang='lat' dir='ltr'><strong>lacte</strong></span> <span class='ocrx_word' id='word_1_281' title='bbox 1211 3508 1244 3565; x_wconf 77' lang='grc'><em>4</em></span> <span class='ocrx_word' id='word_1_282' title='bbox 1263 3540 1280 3566; x_wconf 87' lang='grc'><em>,</em></span> <span class='ocrx_word' id='word_1_283' title='bbox 1307 3519 1361 3572; x_wconf 91' lang='lat' dir='ltr'><strong>p.</strong></span> <span class='ocrx_word' id='word_1_284' title='bbox 1390 3502 1525 3571; x_wconf 76' lang='grc'><strong>577.</strong></span> <span class='ocrx_word' id='word_1_285' title='bbox 1554 3500 1740 3554; x_wconf 77' lang='lat' dir='ltr'><strong>Bsnn.</strong></span> 
     </span>
     <span class='ocr_line' id='line_1_32' title="bbox 150 3580 2243 3661; baseline 0 -26"><span class='ocrx_word' id='word_1_286' title='bbox 150 3585 387 3639; x_wconf 64' lang='lat' dir='ltr'><strong>:fundunt</strong></span> <span class='ocrx_word' id='word_1_287' title='bbox 410 3584 745 3657; x_wconf 77' lang='lat' dir='ltr'><strong>clysteribus.</strong></span> <span class='ocrx_word' id='word_1_288' title='bbox 777 3582 1115 3636; x_wconf 73' lang='lat' dir='ltr'><strong>H.-Laete.</strong></span> <span class='ocrx_word' id='word_1_289' title='bbox 1288 3598 1379 3634; x_wconf 78' lang='lat' dir='ltr'><strong>ss.</strong></span> <span class='ocrx_word' id='word_1_290' title='bbox 1418 3580 1529 3632; x_wconf 79' lang='lat' dir='ltr'><strong>Hoc</strong></span> <span class='ocrx_word' id='word_1_291' title='bbox 1558 3581 1638 3632; x_wconf 78' lang='lat' dir='ltr'><strong>lac</strong></span> <span class='ocrx_word' id='word_1_292' title='bbox 1679 3592 1731 3632; x_wconf 69' lang='lat' dir='ltr'><strong>et</strong></span> <span class='ocrx_word' id='word_1_293' title='bbox 1765 3582 1944 3634; x_wconf 75' lang='lat' dir='ltr'><strong>oculor.</strong></span> <span class='ocrx_word' id='word_1_294' title='bbox 1992 3584 2211 3637; x_wconf 73' lang='lat' dir='ltr'><strong>claritate·</strong></span> <span class='ocrx_word' id='word_1_295' title='bbox 2227 3636 2243 3661; x_wconf 56' lang='lat'>9</span> 
     </span>
     <span class='ocr_line' id='line_1_33' title="bbox 154 3659 2089 3735; baseline 0.002 -20"><span class='ocrx_word' id='word_1_296' title='bbox 154 3662 382 3735; x_wconf 60' lang='lat' dir='ltr'><strong>&#39;etmpud</strong></span> <span class='ocrx_word' id='word_1_297' title='bbox 404 3665 525 3717; x_wconf 74' lang='lat' dir='ltr'><strong>Dal.</strong></span> <span class='ocrx_word' id='word_1_298' title='bbox 556 3676 611 3717; x_wconf 86' lang='lat' dir='ltr'><strong>et</strong></span> <span class='ocrx_word' id='word_1_299' title='bbox 636 3663 741 3717; x_wconf 85' lang='lat' dir='ltr'><strong>Ch.</strong></span> <span class='ocrx_word' id='word_1_300' title='bbox 765 3663 898 3716; x_wconf 77' lang='lat' dir='ltr'><strong>lacti.</strong></span> <span class='ocrx_word' id='word_1_301' title='bbox 928 3663 1037 3715; x_wconf 86' lang='lat' dir='ltr'><strong>En.</strong></span> <span class='ocrx_word' id='word_1_302' title='bbox 1199 3672 1301 3715; x_wconf 85' lang='lat' dir='ltr'><strong>etc.</strong></span> <span class='ocrx_word' id='word_1_303' title='bbox 1336 3659 1515 3714; x_wconf 73' lang='lat' dir='ltr'><strong>Dione.</strong></span> <span class='ocrx_word' id='word_1_304' title='bbox 1541 3660 1630 3724; x_wconf 86' lang='lat'><strong>11,</strong></span> <span class='ocrx_word' id='word_1_305' title='bbox 1657 3679 1714 3731; x_wconf 90' lang='lat' dir='ltr'><strong>p.</strong></span> <span class='ocrx_word' id='word_1_306' title='bbox 1746 3662 1875 3714; x_wconf 80' lang='lat'><strong>166.</strong></span> <span class='ocrx_word' id='word_1_307' title='bbox 1903 3662 2089 3719; x_wconf 71' lang='lat' dir='ltr'><strong>Hsnn.</strong></span> 
     </span>
    </p>

    <p class='ocr_par' dir='ltr' id='par_1_6' title="bbox 155 3737 2238 3971">
     <span class='ocr_line' id='line_1_34' title="bbox 192 3737 2232 3811; baseline 0.002 -18"><span class='ocrx_word' id='word_1_308' title='bbox 192 3760 273 3811; x_wconf 86' lang='lat'><strong>¹9·</strong></span> <span class='ocrx_word' id='word_1_309' title='bbox 302 3742 479 3797; x_wconf 75' lang='lat' dir='ltr'><strong>Somno</strong></span> <span class='ocrx_word' id='word_1_310' title='bbox 508 3746 693 3797; x_wconf 74' lang='lat' dir='ltr'><strong>cestim.</strong></span> <span class='ocrx_word' id='word_1_311' title='bbox 728 3741 817 3796; x_wconf 89' lang='lat' dir='ltr'><strong>Sic</strong></span> <span class='ocrx_word' id='word_1_312' title='bbox 852 3760 917 3795; x_wconf 87' lang='lat' dir='ltr'><strong>ex</strong></span> <span class='ocrx_word' id='word_1_313' title='bbox 960 3740 1115 3795; x_wconf 79' lang='lat' dir='ltr'><strong>MSS.</strong></span> <span class='ocrx_word' id='word_1_314' title='bbox 1286 3758 1377 3793; x_wconf 75' lang='lat' dir='ltr'><strong>ss.</strong></span> <span class='ocrx_word' id='word_1_315' title='bbox 1394 3739 1676 3793; x_wconf 75' lang='lat' dir='ltr'><strong>Oculorum.</strong></span> <span class='ocrx_word' id='word_1_316' title='bbox 1688 3737 2072 3797; x_wconf 62' lang='lat' dir='ltr'><strong>adustionibus</strong></span> <span class='ocrx_word' id='word_1_317' title='bbox 2089 3745 2232 3799; x_wconf 80' lang='lat' dir='ltr'><strong>forte</strong></span> 
     </span>
     <span class='ocr_line' id='line_1_35' title="bbox 155 3818 2238 3891; baseline 0.001 -18"><span class='ocrx_word' id='word_1_318' title='bbox 155 3822 303 3876; x_wconf 67' lang='lat' dir='ltr'><strong>send.</strong></span> <span class='ocrx_word' id='word_1_319' title='bbox 334 3822 501 3877; x_wconf 73' lang='lat' dir='ltr'><strong>Har-d.</strong></span> <span class='ocrx_word' id='word_1_320' title='bbox 518 3840 665 3876; x_wconf 86' lang='lat' dir='ltr'><strong>eous.</strong></span> <span class='ocrx_word' id='word_1_321' title='bbox 692 3821 843 3877; x_wconf 76' lang='lat' dir='ltr'><strong>MSS.</strong></span> <span class='ocrx_word' id='word_1_322' title='bbox 866 3834 919 3874; x_wconf 81' lang='lat' dir='ltr'><strong>et</strong></span> <span class='ocrx_word' id='word_1_323' title='bbox 931 3818 1118 3876; x_wconf 82' lang='lat' dir='ltr'><strong>chiffl.</strong></span> <span class='ocrx_word' id='word_1_324' title='bbox 1203 3836 1269 3872; x_wconf 85' lang='lat' dir='ltr'><strong>ex</strong></span> <span class='ocrx_word' id='word_1_325' title='bbox 1293 3818 1523 3891; x_wconf 76' lang='lat' dir='ltr'><strong>frigore,</strong></span> <span class='ocrx_word' id='word_1_326' title='bbox 1552 3836 1684 3891; x_wconf 82' lang='lat' dir='ltr'><strong>quas</strong></span> <span class='ocrx_word' id='word_1_327' title='bbox 1703 3822 1984 3882; x_wconf 64' lang='grc' dir='ltr'>ἑπικοιὺσιις</span> <span class='ocrx_word' id='word_1_328' title='bbox 2014 3842 2082 3875; x_wconf 81' lang='lat' dir='ltr'><strong>eo</strong></span> <span class='ocrx_word' id='word_1_329' title='bbox 2113 3824 2238 3876; x_wconf 83' lang='lat' dir='ltr'><strong>loco</strong></span> 
     </span>
     <span class='ocr_line' id='line_1_36' title="bbox 156 3898 2236 3971; baseline 0.001 -20"><span class='ocrx_word' id='word_1_330' title='bbox 156 3920 259 3953; x_wconf 63' lang='lat' dir='ltr'><strong>nm</strong></span> <span class='ocrx_word' id='word_1_331' title='bbox 276 3908 431 3955; x_wconf 68' lang='lat' dir='ltr'><strong>satim</strong></span> <span class='ocrx_word' id='word_1_332' title='bbox 450 3903 553 3957; x_wconf 88' lang='lat' dir='ltr'><strong>Gr.</strong></span> <span class='ocrx_word' id='word_1_333' title='bbox 578 3914 635 3955; x_wconf 83' lang='lat' dir='ltr'><strong>et</strong></span> <span class='ocrx_word' id='word_1_334' title='bbox 658 3902 741 3954; x_wconf 76' lang='lat' dir='ltr'><strong>Al.</strong></span> <span class='ocrx_word' id='word_1_335' title='bbox 774 3903 877 3955; x_wconf 82' lang='lat' dir='ltr'><strong>En.</strong></span> <span class='ocrx_word' id='word_1_336' title='bbox 1202 3898 1439 3971; x_wconf 78' lang='lat' dir='ltr'><strong>appellat</strong></span> <span class='ocrx_word' id='word_1_337' title='bbox 1462 3898 1819 3953; x_wconf 84' lang='lat' dir='ltr'><strong>Dioscorides.</strong></span> <span class='ocrx_word' id='word_1_338' title='bbox 1863 3899 1932 3954; x_wconf 80' lang='grc' dir='ltr'><strong>Η.</strong></span> <span class='ocrx_word' id='word_1_339' title='bbox 1973 3932 2054 3946; x_wconf 89' lang='lat'><em>-</em></span> <span class='ocrx_word' id='word_1_340' title='bbox 2100 3902 2236 3954; x_wconf 83' lang='lat' dir='ltr'><strong>Dum</strong></span> 
     </span>
    </p>

    <p class='ocr_par' dir='ltr' id='par_1_7' title="bbox 156 3978 2236 4214">
     <span class='ocr_line' id='line_1_37' title="bbox 188 3978 2234 4053; baseline 0 -19"><span class='ocrx_word' id='word_1_341' title='bbox 188 3998 267 4035; x_wconf 85' lang='lat' dir='ltr'><strong>so.</strong></span> <span class='ocrx_word' id='word_1_342' title='bbox 310 3983 471 4051; x_wconf 72' lang='lat' dir='ltr'><strong>Quam</strong></span> <span class='ocrx_word' id='word_1_343' title='bbox 515 3981 832 4042; x_wconf 72' lang='lat' dir='ltr'><strong>meconidern,</strong></span> <span class='ocrx_word' id='word_1_344' title='bbox 866 3994 966 4034; x_wconf 91' lang='lat' dir='ltr'><strong>etc.</strong></span> <span class='ocrx_word' id='word_1_345' title='bbox 1002 3987 1118 4037; x_wconf 76' lang='lat' dir='ltr'><strong>Mn·</strong></span> <span class='ocrx_word' id='word_1_346' title='bbox 1209 3982 1532 4049; x_wconf 73' lang='lat' dir='ltr'><strong>tempestive...</strong></span> <span class='ocrx_word' id='word_1_347' title='bbox 1560 3978 1854 4044; x_wconf 74' lang='lat' dir='ltr'><strong>Oculorum,</strong></span> <span class='ocrx_word' id='word_1_348' title='bbox 1887 3983 2128 4035; x_wconf 83' lang='lat' dir='ltr'><strong>etc.Vet.</strong></span> <span class='ocrx_word' id='word_1_349' title='bbox 2146 3999 2234 4053; x_wconf 77' lang='lat' dir='ltr'><strong>ap.</strong></span> 
     </span>
     <span class='ocr_line' id='line_1_38' title="bbox 156 4058 2236 4131; baseline 0.001 -20"><span class='ocrx_word' id='word_1_350' title='bbox 156 4062 237 4119; x_wconf 67' lang='lat' dir='ltr'><strong>ni&lt;</strong></span> <span class='ocrx_word' id='word_1_351' title='bbox 261 4080 385 4115; x_wconf 80' lang='lat' dir='ltr'><strong>vero</strong></span> <span class='ocrx_word' id='word_1_352' title='bbox 406 4060 661 4115; x_wconf 78' lang='lat' dir='ltr'><strong>silvestris</strong></span> <span class='ocrx_word' id='word_1_353' title='bbox 684 4074 761 4114; x_wconf 86' lang='lat' dir='ltr'><strong>est</strong></span> <span class='ocrx_word' id='word_1_354' title='bbox 778 4074 831 4115; x_wconf 85' lang='lat' dir='ltr'><strong>et</strong></span> <span class='ocrx_word' id='word_1_355' title='bbox 858 4059 1121 4131; x_wconf 74' lang='lat' dir='ltr'><strong>descripta</strong></span> <span class='ocrx_word' id='word_1_356' title='bbox 1206 4058 1329 4113; x_wconf 75' lang='lat' dir='ltr'><strong>Dal.</strong></span> <span class='ocrx_word' id='word_1_357' title='bbox 1358 4072 1409 4111; x_wconf 80' lang='lat' dir='ltr'><strong>et</strong></span> <span class='ocrx_word' id='word_1_358' title='bbox 1450 4076 1594 4130; x_wconf 74' lang='lat' dir='ltr'><strong>quum</strong></span> <span class='ocrx_word' id='word_1_359' title='bbox 1636 4069 1850 4129; x_wconf 73' lang='lat' dir='ltr'><strong>tempora</strong></span> <span class='ocrx_word' id='word_1_360' title='bbox 1891 4064 2064 4131; x_wconf 76' lang='lat' dir='ltr'><strong>capitis</strong></span> <span class='ocrx_word' id='word_1_361' title='bbox 2093 4064 2236 4113; x_wconf 76' lang='lat' dir='ltr'><strong>inun-</strong></span> 
     </span>
     <span class='ocr_line' id='line_1_39' title="bbox 162 4138 2166 4214; baseline 0.003 -22"><span class='ocrx_word' id='word_1_362' title='bbox 162 4157 239 4193; x_wconf 71' lang='grc' dir='ltr'><strong>ωε</strong></span> <span class='ocrx_word' id='word_1_363' title='bbox 266 4140 323 4193; x_wconf 85' lang='lat' dir='ltr'><strong>in</strong></span> <span class='ocrx_word' id='word_1_364' title='bbox 342 4141 615 4196; x_wconf 71' lang='lat' dir='ltr'><strong>Bounieo.</strong></span> <span class='ocrx_word' id='word_1_365' title='bbox 640 4142 837 4195; x_wconf 72' lang='lat' dir='ltr'><strong>Amare</strong></span> <span class='ocrx_word' id='word_1_366' title='bbox 858 4154 1015 4214; x_wconf 76' lang='lat' dir='ltr'><strong>gustu</strong></span> <span class='ocrx_word' id='word_1_367' title='bbox 1030 4178 1047 4207; x_wconf 90' lang='lat'>‚</span> <span class='ocrx_word' id='word_1_368' title='bbox 1067 4152 1121 4195; x_wconf 84' lang='lat' dir='ltr'><strong>et</strong></span> <span class='ocrx_word' id='word_1_369' title='bbox 1205 4150 1409 4211; x_wconf 68' lang='lat' dir='ltr'><strong>guntur,</strong></span> <span class='ocrx_word' id='word_1_370' title='bbox 1428 4138 1676 4192; x_wconf 65' lang='lat' dir='ltr'><strong>mbram</strong></span> <span class='ocrx_word' id='word_1_371' title='bbox 1699 4157 1907 4210; x_wconf 71' lang='lat' dir='ltr'><strong>quoque.</strong></span> <span class='ocrx_word' id='word_1_372' title='bbox 1934 4152 2036 4193; x_wconf 81' lang='lat' dir='ltr'><strong>ete.</strong></span> <span class='ocrx_word' id='word_1_373' title='bbox 2063 4140 2166 4194; x_wconf 75' lang='lat' dir='ltr'><strong>Eu·</strong></span> 
     </span>
    </p>
   </div>
   <div class='ocr_carea' id='block_1_4' title="bbox 261 4243 1968 4332">
    <p class='ocr_par' dir='ltr' id='par_1_8' title="bbox 261 4243 1968 4332">
     <span class='ocr_line' id='line_1_40' title="bbox 261 4243 1968 4332; baseline 0.007 -16"><span class='ocrx_word' id='word_1_374' title='bbox 261 4250 384 4317; x_wconf 79' lang='lat' dir='ltr'><strong>VJ.</strong></span> <span class='ocrx_word' id='word_1_375' title='bbox 1871 4243 1968 4332; x_wconf 77' lang='lat'><strong>34</strong></span> 
     </span>
    </p>
   </div>
  </div>
 </body>
</html>
