3150 5150
1023 597 1342 664 LIBER
1397 599 1654 665 xvll.
2307 593 2407 680 43

265 729 468 798 tritici
499 747 566 798 et
596 727 834 798 hordei
871 751 1118 823 grano:
1145 753 1226 798 ne
1249 731 1394 824 quis
1417 729 1638 828 fabam
1670 741 1949 824 reputet.
1990 727 2173 816 Quid
2202 726 2412 796 simile
2452 741 2481 792 3

264 835 550 954 originis
591 856 730 904 suae
774 833 1024 906 habent
1065 835 1391 905 malorum
1445 837 1879 931 pirorumque
1924 832 2225 904 semina?
2295 836 2414 903 His

265 941 612 1036 principiis
651 956 1076 1038 respuentem
1134 964 1398 1012 secures
1441 943 1789 1012 materiam
1832 944 2055 1026 nasci,
2048 939 2417 1010 indomita

264 1045 734 1152 ponderibus
715 1050 1050 1118 immensis
1087 1049 1303 1144 prela,
1333 1048 1607 1118 arbores
1646 1046 1875 1118 velis¹'
1880 1101 1901 1136 ‚
1941 1048 2235 1116 turribus
2276 1071 2417 1116 mu-

267 1153 494 1248 risque
529 1149 946 1248 impellendis
979 1147 1268 1225 arietes?
1305 1158 1468 1225 Haec
1507 1171 1609 1224 est
1651 1169 1905 1224 naturae
1946 1155 2086 1241 vie,
2112 1153 2261 1222 haec
2301 1177 2419 1248 po-

268 1261 502 1330 tentia.
544 1261 762 1356 Super
797 1263 1023 1333 omnia
1051 1263 1212 1349 erit,
1236 1287 1277 1330 e
1314 1260 1607 1356 lacryma
1636 1263 1815 1331 nasci
1860 1259 2143 1355 aliquid,
2174 1273 2251 1328 ut
2296 1284 2417 1328 suo

269 1363 424 1435 loco
453 1354 813 1438 dicemus¹³
817 1371 1040 1463 ,Ergo
1059 1393 1098 1438 e
1115 1391 1432 1464 cupresso
1459 1368 1705 1438 femina
1725 1364 1907 1452 (mas
1930 1370 2147 1450 enim,
2154 1380 2239 1496 ⁵ut
2264 1365 2420 1434 dixi·

273 1471 456 1542 mus¹
464 1461 514 1554 *ς
555 1494 690 1543 ιιοιι
726 1465 984 1570 gignit)
1022 1472 1244 1571 pilulae
1285 1473 1617 1562 collectae,
1642 1473 1883 1569 quibus
1908 1457 2177 1544 docui⁸⁵
2220 1495 2408 1540 men-

272 1578 492 1665 sibus,
533 1581 868 1651 siccantur
900 1581 1082 1651 sole:
1118 1595 1461 1702 ruptaeque
1494 1582 1807 1656 emittunt
1830 1605 2089 1660 semen,
2127 1578 2421 1648 formicis

272 1686 444 1754 mire
481 1689 844 1782 expetitum
891 1711 907 1754 z
961 1686 1279 1783 ampliato
1323 1689 1522 1758 etiam
1563 1683 1920 1772 miraculo,
1974 1684 2213 1756 tantuli
2268 1685 2417 1753 ani-

275 1790 468 1862 malis
513 1793 665 1862 cibo
719 1793 982 1864 absumi
1031 1792 1316 1864 natalem
1378 1807 1716 1864 tantarum
1768 1793 2107 1862 arborum.
2164 1793 2421 1860 Seritur
2458 1811 2487 1866 4
2562 1793 2569 1802 ’

275 1898 534 1969 mense¹
539 1883 818 1994 ‘aprili,
849 1923 1003 1972 area
1037 1898 1326 1995 aequata¹
1334 1899 1733 1995 ⁷cylindriS‚
1750 1913 1869 1970 aut
1893 1895 2195 1994 volgiolis
2212 1951 2231 1984 ‚
2258 1897 2419 1966 den-

277 1991 493 2073 sum¹⁸
505 2019 857 2102 :terraque
887 2005 1120 2078 cribris
1157 2007 1655 2102 supercernitur
1674 2003 1937 2100 pollicis
1964 2003 2423 2077 crassitudine.

277 2113 583 2182 Contra
563 2137 854 2182 immane
888 2111 1150 2208 pondus
1191 2111 1493 2183 attollere
1527 2137 1601 2183 se
1630 2137 1767 2180 non
1801 2110 2015 2196 valet,
2055 2125 2424 2204 torquetur

277 2215 448 2320 que'
453 2216 629 2290 ⁹sub
652 2234 851 2288 terra.
879 2219 990 2288 Ob
1008 2216 1139 2290 hoc
1163 2218 1471 2316 pavitur²
1475 2218 1832 2314 ‘’vestigiis.
1864 2218 2137 2287 Leniter
2169 2217 2425 2311 rigatur

368 2425 390 2462 ι
405 2427 460 2460 ².
506 2405 722 2461 Arbores
745 2409 887 2462 mdis.
925 2407 1166 2462 Asbora
1205 2428 1306 2480 pro
1393 2406 1669 2480 cylindris.
1693 2431 1716 2456 ι
1736 2404 2028 2479 Cylindrus
2042 2447 2057 2472 ,
2078 2406 2327 2462 columna
2349 2417 2427 2458 est

279 2487 432 2542 malis
465 2485 634 2554 dixit,
677 2507 709 2541 e
737 2488 934 2560 quibus
977 2500 1218 2542 antenna
1251 2499 1307 2542 et
1393 2487 1605 2561 lapidea
1641 2487 1892 2551 rotatilis,
1936 2505 2041 2558 qua
2082 2484 2162 2539 rei
2216 2485 2429 2540 rustico

279 2565 398 2623 vela
420 2565 675 2639 pendent.
696 2564 878 2621 Ηιιιιιι.
1394 2569 1679 2641 scriptores
1706 2586 1885 2622 aream
1911 2565 2113 2639 aquari
2139 2566 2345 2637 jubent.
2374 2565 2427 2618 A

371 2646 458 2701 ι3.
486 2646 588 2701 Suo
616 2649 721 2701 loco
749 2648 972 2701 dicatum.
1007 2648 1086 2701 Ut
1109 2646 1248 2703 debi
1396 2648 1728 2705 volubilitate
1754 2664 1954 2702 nomen
1999 2646 2201 2718 aceepit
2227 2666 2241 2697 ε
2266 2652 2423 2699 auliv-

283 2727 550 2798 poeelino.
568 2728 664 2782 lib.
689 2726 852 2793 xlx,
877 2748 996 2801 cap.
1023 2732 1131 2794 483
1158 2727 1226 2781 de
1243 2667 1310 2781 ii:
1397 2724 1503 2783 δεῖν
1519 2730 1664 2783 enim
1678 2728 1895 2782 volvere
1910 2739 2007 2781 est.
2024 2726 2211 2781 Simile
2223 2726 2426 2778 instru-

280 2807 846 2879 tio,1ib.xx1‚cap.
884 2826 906 2859 1
925 2826 974 2860 1.
1007 2805 1190 2862 Ηιιιιι.
1397 2820 1641 2862 mentum
1670 2808 1913 2880 pavicula
1942 2819 2038 2861 eet.
2066 2804 2374 2878 Utrumque
2394 2824 2426 2857 a

373 2894 461 2951 14.
501 2886 571 2940 Ue
596 2849 820 2941 diximus.
849 2884 972 2942 Lib.
993 2886 1158 2950 XVI.
1189 2906 1308 2960 cop.
1399 2890 1609 2943 Catone
1632 2888 1944 2960 copulatur,
1966 2906 2015 2941 c.
2037 2904 2199 2939 cxxlx
2225 2904 2241 2939 τ
2270 2910 2292 2933 ι
2314 2884 2425 2937 Ubi

289 2974 382 3037 47.
415 2967 595 3021 Bnn.
1400 2968 1540 3022 bene
1565 2968 1895 3022 comminuta
1935 2978 2075 3020 terra
2113 2964 2305 3030 fuerin
2332 2982 2429 3035 cy·

373 3045 464 3101 1⁵.
489 3048 678 3118 Quibus
703 3046 864 3101 docui.
891 3046 1099 3117 Nempe
1125 3066 1171 3101 c.
1211 3066 1234 3102 ι
1253 3066 1313 3113 ι,
1402 3048 1585 3102 lindro
1627 3060 1722 3102 aut
1770 3044 2014 3119 pavicula
2064 3056 2355 3117 coaequato.
2398 3070 2423 3091 ι

285 3126 390 3181 boc
405 3140 516 3191 est,
539 3146 718 3181 meme
730 3127 1002 3200 januario,
1025 3128 1316 3181 februario·
1404 3122 1771 3195 Quamobrem
1824 3126 2080 3197 volgiolc's,
2133 3125 2217 3179 vel
2266 3136 2325 3176 ut
2372 3124 2429 3176 in

285 3226 412 3278 que.
441 3206 623 3261 Ηιιιιι.
1401 3208 1556 3263 MSS.
1584 3207 1866 3270 scribitur,
1916 3208 2045 3276 Reg-
2083 3222 2137 3269 1,
2176 3224 2203 3257 2
2227 3242 2243 3269 ,
2271 3204 2429 3257 Colb.

375 3290 463 3339 ιδ.
507 3285 698 3340 Seritur
741 3307 908 3339 meme.
957 3288 1059 3339 Per
1087 3306 1182 3340 ver
1209 3286 1312 3341 seri
1411 3306 1433 3339 1
1457 3326 1474 3353 ,
1507 3308 1534 3342 ιι
1556 3325 1573 3354 ,
1605 3288 1663 3345 3.
1688 3300 1790 3341 etc.
1814 3282 2103 3356 vulgioale‘s‚
2126 3279 2193 3337 de
2217 3284 2435 3356 pavicu-

287 3368 424 3419 Cato
451 3367 527 3419 ait
544 3406 561 3431 ,
590 3367 676 3421 loe
703 3366 792 3420 cit.
820 3389 842 3409 ·
859 3366 1048 3419 Semen
1076 3368 1315 3438 cupressi
1399 3366 1451 3421 la
1481 3365 1849 3438 accipiendum
1878 3378 2146 3437 putamus.
2168 3361 2351 3416 Hnn.

285 3445 592 3501 'ferentina
636 3466 737 3519 per
772 3464 868 3499 ver
907 3444 1013 3516 legi
1057 3460 1309 3517 oportet:
1489 3449 1579 3501 18.
1610 3446 1841 3499 Domum.
1871 3446 2041 3510 Cato,
2064 3463 2111 3498 c.
2144 3462 2268 3497 cu:
2304 3468 2326 3491 ιι
2345 3444 2435 3497 Se-

289 3538 558 3579 maturum
581 3539 693 3591 est,
729 3526 824 3579 ubi
852 3524 1116 3579 hordeum
1153 3525 1314 3581 flave—
1402 3546 1526 3580 men
1551 3527 1718 3579 serito
1760 3527 2040 3590 crebrum,
2074 3524 2147 3579 ita
2173 3536 2235 3578 ut
2261 3524 2435 3577 linum

287 3606 406 3659 scit.
425 3604 620 3659 Semen
643 3606 738 3660 ubi
764 3606 982 3678 legeris,
1007 3605 1062 3659 in
1081 3606 1192 3661 sole
1218 3625 1317 3678 po·
1405 3606 1508 3661 seri
1533 3607 1671 3660 solet
1691 3626 1707 3661 ι
1728 3626 1793 3660 eo
1820 3606 2001 3659 cribro
2027 3615 2224 3658 terram
2253 3604 2431 3657 incer·

289 3686 431 3752 nito,
459 3684 519 3739 id
543 3698 801 3758 purgato,
846 3684 905 3739 id
929 3685 1142 3739 aridum
1188 3706 1318 3740 con·
1406 3687 1522 3741 nito
1545 3705 1561 3741 :
1588 3684 1927 3741 dimidiatum
1964 3682 2193 3761 digitum
2239 3696 2433 3738 terrem

289 3764 448 3819 diem.
465 3806 479 3819 .
513 3767 615 3820 Per
641 3786 738 3820 ver
763 3766 924 3819 serito
965 3765 1022 3817 in
1048 3766 1197 3831 loeo,
1225 3766 1320 3819 ubi
1409 3768 1566 3821 altam
1598 3766 1916 3822 mecei-nito.
1935 3791 1958 3814 ο
1991 3766 2175 3819 Han.

291 3858 428 3899 terra
467 3846 753 3900 tenerrima
774 3846 902 3908 erit,
933 3864 1092 3917 quam
1117 3846 1318 3917 pullam
1497 3867 1587 3917 ¹9·
1638 3850 2016 3920 Torqueturque.
2065 3844 2155 3898 Sic
2194 3864 2256 3897 ex
2284 3842 2436 3895 MSS.

293 3938 519 3988 rocam,
546 3938 647 3980 etc.
679 3952 704 3974 s·
737 3926 922 3979 Hnm.
1409 3926 1621 3982 emend.
1655 3924 1826 3983 Hard.
1864 3946 2011 3981 cone.
2038 3924 2155 3979 MS.
2188 3925 2359 3979 Gron.
2388 3933 2444 3976 et

380 4022 400 4056 ι
413 4024 469 4073 7.
491 4006 630 4058 Am
647 4018 859 4078 aquata.
872 4005 1222 4077 complanata
1243 4024 1320 4059 so·
1413 4008 1496 4061 Al.
1523 4018 1833 4081 retorquetur.
1866 4008 1969 4060 En.

294 4084 380 4148 lo,
401 4084 485 4138 vel
508 4085 794 4157 cylindro,
827 4085 910 4138 vel
937 4084 1200 4156 pavicula.
1221 4086 1323 4139 Co·
1498 4108 1585 4141 πο.
1635 4088 1718 4143 ob
1758 4090 1845 4141 hoc
1878 4089 2095 4158 pavitur.
2123 4082 2445 4155 Compleut-

295 4164 508 4219 lumelln
535 4166 592 4218 in
615 4164 771 4219 Hert.
797 4164 876 4229 X,
905 4166 1014 4233 319
1040 4184 1051 4217 :
1079 4192 1102 4215 ο
1119 4166 1326 4236 Ocyma
1418 4180 1506 4222 tur
1525 4166 1781 4239 pedibus,
1810 4185 1918 4220 ιιοιι
1946 4182 2159 4219 rursum
2192 4160 2453 4234 cylindro

297 4244 666 4316 comprimite,
707 4258 758 4299 et
811 4245 1060 4317 gravibus
1115 4242 1327 4300 deusate
1419 4260 1676 4318 aequatur.
1694 4245 2046 4301 sinceriorem
2058 4244 2201 4298 hane
2212 4240 2455 4297 arbitrati
