3150 5150
828 549 978 640 534
1351 555 1430 624 C.
1487 555 1834 625 PLINII
1888 555 2109 624 NAT.
2166 555 2424 624 HIST.

822 683 1200 771 utilissima,
1243 688 1579 783 praeeipue
1608 673 1849 782 quem³
1870 687 2119 756 humor
2158 699 2371 756 vexat.
2428 685 2605 755 Cum
2632 673 2863 754 aceto⁴
2890 687 2951 754 in

823 791 974 862 cibo
1017 791 1410 888 refrigerant
1445 793 1552 864 vel
1592 791 1802 880 illitae3
1840 793 2335 888 discutiuntque
2352 778 2375 816 ⁵
2422 805 2492 861 et
2537 789 2735 875 alim,
2762 817 2947 886 quam

823 897 1169 969 stomachi.
1194 903 1368 972 Cum
1389 886 1685 996 polenta⁶
1707 899 2105 970 silvestrium
2128 900 2384 969 radices
2408 898 2739 968 stomachi
2762 923 2951 969 eausa

821 1003 1180 1076 sorbentur
1207 1031 1222 1074 :
1258 1021 1328 1076 et
1359 1006 1719 1078 cardiacis⁷
1756 1005 2101 1076 illinuntur
2136 1029 2338 1102 super
2372 1005 2713 1076 sinistram
2752 1030 2949 1074 mam·

823 1134 1004 1182 mam
1035 1135 1118 1180 ex
1151 1127 1362 1183 aceto.
1403 1115 1659 1196 Omnes
1689 1113 1793 1184 hae
1832 1127 1900 1183 et
1930 1113 2303 1208 podagricis
2340 1109 2561 1196 utiles,
2594 1125 2665 1180 et
2696 1115 2947 1206 sangui·

820 1241 974 1288 nem
1015 1217 1460 1314 rejicientibus
1509 1245 1524 1288 :
1576 1223 1735 1291 item
1785 1219 2025 1315 quibus
2072 1221 2373 1315 genitura
2414 1217 2608 1298 fluat,
2662 1205 2949 1287 alterno⁸

821 1321 1077 1394 dicrum
1117 1339 1306 1420 potu.
1349 1328 1699 1396 Petronius
1750 1325 2080 1396 Diodotus
2101 1376 2121 1411 ,
2166 1327 2280 1420 qui
2336 1322 2948 1419 Anthologoumena

822 1429 1147 1526 scripsit⁹‚
1183 1433 1251 1500 in
1283 1447 1500 1504 totum
1537 1431 1880 1502 damnavit
1922 1433 2098 1502 serin
2138 1430 2364 1502 multis
2402 1429 2615 1500 modis
2650 1455 2946 1526 arguens.

821 1535 954 1607 Sed
983 1535 1266 1607 aliorum
1293 1539 1591 1610 omnium
1622 1539 1848 1633 opinio
1882 1539 2146 1608 resistit.

919 1644 1249 1713 XXXIII.
1307 1635 1466 1736 (ιχ.)
1517 1647 1831 1715 Brassicae
1883 1642 2111 1716 laudes
2174 1641 2449 1738 longum
2498 1657 2601 1712 est
2644 1645 2945 1738 exsequi,

818 1743 1060 1844 quum¹
1107 1765 1177 1820 et
1211 1751 1629 1848 Chrysippus
1670 1750 1965 1822 medicus
1996 1751 2303 1846 privatim
2337 1747 2653 1819 volumen
2688 1751 2753 1818 ei
2780 1750 2943 1819 dica·

817 1856 1020 1944 verit,
1036 1879 1160 1952 per
1183 1856 1442 1954 singula
1467 1857 1769 1928 membra
1790 1857 2079 1927 hominis
2096 1853 2565 1953 digestum‚et²
2590 1855 2943 1926 Dieuches:

819 1975 974 2032 ante
1011 1987 1244 2034 omnes
1272 1979 1496 2034 autem
1539 1964 1951 2060 Pythagoras
1980 1977 2050 2034 et
2084 1965 2257 2035 Cato
2288 1985 2428 2032 non
2470 1963 2739 2058 parcius
2780 1962 2939 2034 eele-

818 2065 1091 2139 brarint.
1133 2069 1344 2164 Cujus
1379 2072 1771 2140 sententiam
1812 2068 1917 2139 vel
1957 2095 2041 2140 eo
2066 2068 2448 2166 diligentius
2490 2071 2797 2201 persetgxi
2836 2093 2943 2164 par

817 2188 917 2244 est
939 2229 962 2264 ,
1012 2189 1090 2245 ut
1123 2191 1438 2247 noscatur
1483 2201 1617 2273 qua
1656 2175 1989 2247 medicina
2043 2199 2201 2246 usus
2246 2177 2331 2246 sit
2372 2177 2563 2244 annis
2610 2198 2706 2246 nc
2788 2201 2938 2245 rom.

895 2357 950 2413 3.
975 2359 1148 2430 Qum.
1173 2361 1257 2414 Ita
1281 2359 1436 2415 MSS.
1461 2361 1527 2414 R.
1559 2359 1717 2414 colb.
1740 2373 1841 2416 ete.

811 2439 879 2491 In
920 2438 1105 2493 Chiffl.
1137 2459 1274 2512 quens
1303 2460 1420 2493 amr
1455 2452 1626 2493 mat.
1662 2439 1840 2495 Diosc-

811 2518 918 2572 loe.
955 2518 1047 2572 cit.
1091 2517 1344 2591 prodesse
1380 2519 1454 2574 eit
1491 2517 1753 2574 dissoluto
1786 2534 1843 2581 et

813 2599 1054 2653 astuanti
1070 2600 1343 2654 stomacho
1355 2638 1372 2662 ‚
1393 2602 1667 2654 ἀτονοῦντα
1678 2603 1843 2673 edua·

811 2698 898 2748 1⁰*
925 2684 1258 2752 παρηγοροῦσι
1273 2717 1290 2745 ,
1322 2680 1406 2734 καὶ
1431 2680 1749 2751 παυσόμενον.
1772 2680 1839 2736 Η.

897 2762 954 2825 4.
979 2756 1102 2812 Cum
1129 2770 1264 2811 aceto
1307 2764 1359 2812 in
1395 2758 1504 2811 cibo
1533 2760 1840 2831 wigerum.

813 2836 995 2893 Diose.
1015 2836 1120 2893 loe.
1148 2838 1238 2893 eit.
1261 2838 1438 2893 Hun.

897 2916 951 2973 5.
981 2918 1370 2992 Discutiuntque.
1401 2920 1667 2975 Humores
1692 2918 1843 2974 vide-

811 2997 969 3063 lieet,
998 3016 1118 3069 qua
1161 3016 1266 3051 vox
1303 3018 1368 3053 ex
1404 2996 1843 3055 antecedentibus

811 3076 1141 3151 subintelligi
1165 3078 1273 3133 hoc
1299 3080 1418 3133 loco
1444 3078 1626 3137 debet.
1651 3082 1719 3135 Η.

893 3160 945 3211 6.
977 3158 1100 3212 Cum
1114 3160 1334 3231 polenta.
1359 3160 1495 3213 Cum
1520 3159 1690 3215 farina
1712 3162 1841 3215 hor·

812 3235 1002 3291 descen
1017 3276 1033 3301 .
1064 3240 1150 3292 σὺν
1174 3240 1379 3312 ἀλφίτῳ.
1401 3240 1583 3294 Eum.

895 3336 953 3388 7.
978 3318 1053 3371 Ee
1073 3320 1325 3373 cardiacis.
1346 3320 1522 3373 Diosc.
1543 3320 1645 3374 lor.
1675 3319 1764 3374 cit.
1789 3332 1841 3375 et

813 3396 1039 3449 totidem
1088 3397 1199 3452 fere
1257 3399 1431 3454 verbis
1480 3398 1743 3472 Didymus
1782 3400 1838 3454 in

813 3474 990 3547 Geop.
1009 3476 1145 3542 XX,
1169 3480 1259 3532 28.
1285 3479 1420 3532 Plin.
1444 3480 1566 3533 Val.
1589 3481 1702 3545 111,
1736 3498 1835 3533 ιιι

819 3579 842 3602 ι
870 3552 1141 3609 cardiacis
1159 3557 1430 3611 sanandis:
1447 3558 1691 3613 Lactueae
1704 3560 1839 3615 albo

813 3652 1007 3687 nomen
1047 3647 1127 3688 est
1154 3640 1280 3691 seris
1312 3659 1326 3690 ε
1357 3657 1474 3709 qua
1505 3639 1632 3692 trita
1654 3652 1707 3692 et
1732 3638 1835 3691 im-

809 3714 981 3789 posita
1005 3732 1250 3769 mamma
1282 3718 1534 3782 sinistro,
1560 3717 1837 3790 magnifice

807 3792 1056 3848 sudorem
1085 3796 1302 3849 minuit.
1333 3822 1356 3843 ι
1390 3796 1674 3850 Cat-diacus
1700 3796 1834 3851 dici·

808 3887 896 3929 tur
913 3914 930 3939 ,
969 3876 1061 3947 qui
1100 3876 1289 3929 morbo
1327 3877 1531 3930 laborat
1571 3876 1831 3931 cardiaco.

807 3956 897 4009 Ait
920 3969 1097 4009 autem
1119 3958 1255 4010 Cels.
1283 3958 1384 4021 111,
1417 3976 1481 4025 19
1497 3997 1512 4022 ,
1529 3955 1827 4011 cardiacum

810 4026 1057 4090 morbum
1077 4036 1222 4090 aliud
1241 4038 1373 4091 nihil
1395 4057 1507 4090 esse
1523 4077 1539 4103 ,
1563 4057 1724 4111 quam
1748 4038 1833 4091 ni-

807 4115 966 4169 miam
987 4117 1401 4171 imbecillitatem
1413 4118 1839 4191 c01·poris‚quod‚

807 4198 1078 4251 stomacho
1109 4198 1418 4269 languente,
1445 4199 1736 4255 immodico
1756 4220 1835 4253 su·

1927 2359 2062 2415 dore
2119 2357 2397 2432 digeritur.
2458 2354 2688 2430 Καρδίαν
2738 2361 2939 2414 Veteres

1926 2439 2263 2496 stomeehum
2304 2439 2643 2511 appellebant
2664 2480 2683 2504 ,
2734 2439 2797 2493 id
2835 2453 2901 2494 est
2920 2479 2935 2504 ‚

1926 2539 1986 2574 os
2007 2519 2305 2574 ventriculi.
2331 2518 2515 2573 Esau.

2008 2608 2061 2657 8.
2083 2601 2305 2655 Aerem.
2331 2600 2387 2654 si
2412 2598 2636 2653 alternis
2654 2598 2843 2654 diebus
2864 2620 2935 2653 su-

1926 2694 2119 2735 matur.
2153 2678 2415 2751 Didymus
2432 2678 2486 2733 in
2514 2679 2695 2753 Geop.
2729 2680 2833 2735 loc.
2858 2682 2931 2733 cit.

1927 2760 2276 2833 Αἱμοπτοῖιοῖς
2304 2760 2329 2812 ὃ
2364 2760 2505 2828 χυλὸς
2534 2761 2929 2832 &odefacit-arse,

1928 2842 1971 2894 sl
1998 2838 2134 2912 παρὰ
2160 2840 2278 2911 μίαν
2300 2839 2499 2893 advos-v.
2525 2839 2717 2895 Hun-

2008 2940 2064 2991 9.
2088 2920 2341 2973 Petmm'm
2370 2918 2635 2985 Dividam,
2646 2924 2739 2992 qm'
2761 2922 2929 2973 Antho-

1928 3000 2209 3071 Iogoumem
2274 3002 2484 3071 scripsit.
2558 2990 2927 3072 Ᾰνθολογούμινι

1928 3072 2027 3149 (sic
2056 3082 2199 3135 enim
2224 3078 2382 3134 MSS.
2412 3080 2479 3131 R.
2507 3077 2661 3133 colb.
2690 3092 2747 3133 et
2773 3078 2927 3135 chiffl.

1925 3179 2068 3226 non,
2105 3172 2167 3214 ut
2200 3158 2329 3213 libri
2356 3156 2515 3225 editi,
2542 3150 2925 3231 aurilegus-ena).

1925 3240 2030 3293 hoe
2063 3252 2171 3308 est,
2214 3236 2485 3312 florilcgia.
2516 3238 2587 3293 Η.
2620 3268 2703 3281 -
2728 3240 2925 3294 Ρτεωῑ

1925 3318 2289 3375 emendationi
2318 3318 2610 3373 Pintianus.
2642 3320 2752 3373 En.

2003 3400 2265 3454 xxxm.
2300 3417 2350 3454 1.
2386 3400 2547 3471 Qum-
2568 3411 2620 3451 et
2654 3398 2921 3471 Qsippm

1926 3480 2131 3533 modicus
2140 3482 2370 3552 privatim
2390 3480 2641 3544 volumen,
2655 3491 2761 3533 etc.
2780 3478 2923 3532 Tran-

1922 3559 2131 3633 scripsit
2150 3562 2262 3617 hae
2286 3560 2423 3615 Plin.
2448 3557 2573 3612 Vns.
2598 3556 2668 3613 de
2690 3560 2771 3613 Re
2804 3554 2917 3613 med.

1928 3642 2031 3706 IV,
2064 3659 2155 3711 ²9·
2184 3638 2367 3693 ΗΑιυ.

2009 3740 2062 3776 2.
2096 3724 2167 3773 Ee
2204 3720 2455 3774 Dieuches.
2488 3718 2729 3791 Antiqua
2755 3716 2917 3777 lectio,

1922 3812 1971 3852 et
2018 3800 2230 3855 Dim-les.
2276 3800 2456 3853 Potest
2500 3811 2677 3853 autem
2718 3811 2915 3867 uimque

1923 3880 2085 3934 modo
2130 3881 2231 3952 legi
2251 3921 2267 3947 ,
2310 3892 2371 3933 ut
2420 3890 2563 3953 patet
2602 3896 2673 3931 ex
2704 3876 2912 3931 elencho.

1923 3959 2078 4014 Pnn.

2008 4042 2058 4095 3.
2091 4040 2252 4093 Annis
2306 4038 2427 4093 DC.
2479 4040 2627 4105 Quot
2680 4038 2746 4091 ab
2790 4032 2909 4087 Urbe

1924 4118 2141 4174 condita
2187 4119 2313 4173 anni
2364 4118 2569 4173 fluxere
2613 4116 2683 4171 ad
2728 4114 2907 4171 Catonis

1924 4218 2112 4255 avum.
2133 4200 2355 4269 Elegans
2381 4211 2458 4253 est
2484 4198 2642 4251 Plinii
2672 4189 2904 4250 Valeriani
