3150 5150
911 575 1227 642 LIBER
1276 573 1585 642 XVIII.
2178 575 2303 646 23·
2360 589 2366 595 ”

161 701 470 794 pellato:
524 719 864 798 exstatque
913 707 1072 773 Divi
1127 704 1410 799 Augusti
1463 703 1807 772 decretum
1832 759 1851 789 ‚
1904 730 2037 798 quo
2094 728 2313 780 annua

163 811 414 880 vicena
438 809 486 833 ¹⁰
515 809 718 880 millia
745 810 1199 906 Neapolitanis
1227 835 1350 904 pro
1377 833 1460 878 eo
1487 813 1821 880 numerari
1845 812 2037 906 jussit
2071 833 2108 880 e
2150 811 2313 884 fiseo

163 939 304 984 suo
325 970 348 1001 ‚
379 916 708 986 coloniam
749 917 1082 988 deducens
1118 919 1455 1011 Capuam:
1497 915 1864 1012 adjecitque
1906 941 2174 987 causam
2211 919 2313 988 af·-

165 1021 438 1092 ferendi
459 1077 478 1110 ,
517 1024 832 1117 quoniam
865 1036 1218 1118 negassent
1261 1024 1589 1118 Campani
1630 1022 1862 1092 alicam
1907 1023 2146 1096 confici
2172 1027 2312 1094 sine

165 1152 264 1196 eo
299 1128 628 1198 metallo¹¹
677 1155 888 1224 posse.
941 1133 1022 1199 In
1055 1129 1288 1199 eodem
1321 1131 1653 1225 reperitur
1688 1144 1755 1198 et
1794 1129 2105 1226 sulphur;
2148 1135 2313 1200 emi-

171 1249 472 1329 cantque
507 1235 726 1306 fontes
751 1234 798 1260 ¹²
837 1239 1044 1306 Oraxi
1087 1235 1436 1305 oculorum
1479 1235 1797 1324 claritati,
1839 1252 1907 1306 et
1956 1236 2313 1306 vulnerum

173 1341 567 1426 medicinae,
603 1341 1033 1436 dentiumque
1065 1342 1378 1411 firmitati.

289 1446 482 1518 Alica
535 1435 964 1518 adulterina¹³
1009 1448 1084 1518 fit
1119 1447 1713 1542 maximequidem
1758 1475 1795 1516 e
1842 1473 2003 1534 zea,
2048 1473 2197 1542 quae
2242 1452 2311 1518 in
2346 1459 2379 1508 6

178 1554 414 1623 Africa
457 1555 836 1648 degenerat.
879 1558 1178 1625 Latiares
1229 1555 1370 1648 ejus
1423 1556 1622 1649 spicae
1644 1608 1663 1642 ‚
1706 1555 2158 1649 nigrioresque
2178 1609 2199 1639 ‚
2249 1571 2321 1624 et

177 1660 380 1728 brevi
417 1660 675 1756 stipula.
719 1664 949 1731 Pisunt
987 1687 1140 1732 cum
1181 1685 1410 1744 arena,
1437 1675 1506 1730 et
1531 1661 1624 1731 sic
1661 1684 1924 1756 quoque
1958 1659 2317 1730 difficulter

175 1765 498 1836 deterunt
529 1767 880 1850 utriculoS,
923 1769 1128 1862 fitque
1169 1767 1442 1836 dimidia
1461 1754 1508 1798 ¹⁴
1549 1766 1713 1835 nudi
1753 1792 2102 1838 mensura:
2132 1783 2315 1862 post-

177 1897 402 1966 eaque
433 1875 620 1968 gypsi
639 1859 682 1897 '⁵
715 1899 869 1968 pars
897 1889 1132 1968 quarta
1159 1875 1595 1970 inspargitur3
1629 1887 1827 1967 atque
1853 1859 1981 1943 ut¹⁶
2016 1875 2317 1960 cohaesit,

179 1978 554 2047 farinario¹⁷
597 1981 817 2049 cribro
851 1981 1276 2049 subcernunt.
1318 1982 1486 2069 Quae
1519 1981 1589 2046 in
1624 2004 1705 2048 eo
1734 1981 2052 2049 remansit
2072 2033 2092 2066 ‚
2134 2003 2319 2049 exce-

180 2085 383 2178 ptitia
412 2083 803 2182 appellatur,
842 2100 908 2154 et
937 2085 1366 2182 grandissima
1405 2099 1526 2154 est.
1573 2087 1829 2155 Rursus
1862 2110 2007 2180 quae
2048 2087 2316 2169 transit,

181 2193 476 2262 arctiore
515 2195 830 2280 cernitur,
869 2207 934 2262 et
976 2191 1366 2262 secundaria
1396 2207 1696 2261 vocatur.
1752 2196 1923 2262 Item
1959 2191 2276 2260 cribraria
2294 2245 2317 2277 ‚

181 2323 338 2391 quae
379 2298 576 2367 simili
611 2299 812 2368 modo
849 2301 918 2366 in
957 2301 1156 2368 tertio
1195 2302 1510 2366 remansit
1553 2291 1777 2367 cribro
1816 2297 2317 2392 angustissimo,

183 2417 258 2472 et
291 2418 556 2473 tantum
589 2429 820 2474 arenas
841 2391 892 2430 ¹⁸
922 2407 1428 2474 transmittente.
1471 2401 1616 2472 Alia
1649 2405 1816 2473 ratio
1855 2403 2099 2500 ubique
2134 2401 2320 2472 adul-

183 2511 472 2583 terandi.
528 2515 634 2583 Ex
672 2511 892 2583 tritico
941 2511 1406 2583 candidissima
1459 2525 1527 2581 et
1582 2510 2017 2606 grandissima
2072 2509 2325 2604 eligunt

189 2640 439 2708 grana,
479 2642 558 2687 ac
609 2621 963 2688 semicocta
1013 2623 1080 2689 in
1125 2618 1312 2706 ollis,
1359 2633 1603 2712 postea
1646 2618 2014 2686 arefaciunt
2064 2616 2199 2685 sole
2239 2616 2324 2684 ad

189 2724 532 2808 initium¹⁹,
561 2751 915 2821 rursusque
936 2724 1168 2795 leviter
1199 2750 1462 2819 aspersa
1497 2721 1689 2795 molis
1724 2724 2060 2819 frangunt.
2080 2724 2183 2791 Ex
2211 2746 2325 2793 zea

281 2938 374 2971 10.
397 2918 586 2971 Annua
606 2922 794 2973 vicena.
817 2920 884 2973 In
907 2918 1063 2974 MSS.
1086 2938 1218 2971 anno
1391 2916 1481 2973 15.
1513 2916 1691 2989 Gypsi.
1738 2916 2071 2969 Tenuissime
2097 2915 2327 2969 cri-bimi.

190 2999 266 3051 ad
283 3000 476 3049 vicena.
507 2998 670 3052 Forte
697 3016 862 3051 annua
883 3000 1082 3053 ducena.
1107 2996 1177 3053 H.
1305 2997 1480 3066 Geop.
1510 2998 1671 3049 Auct.
1698 2996 1801 3048 loc.
1836 2996 1925 3049 cit.
1954 2994 2137 3049 Ham.
2220 3041 2229 3050 .

285 3096 374 3131 ιι.
412 3077 528 3131 Siue
563 3096 620 3131 eo
644 3079 850 3130 meealio.
881 3076 1160 3149 Quidquid
1187 3098 1218 3131 e
1393 3078 1484 3129 16.
1515 3076 1588 3129 Ut
1612 3076 1825 3128 colaaeu'c.
1860 3075 1969 3127 Ubi
1998 3092 2124 3127 cum
2160 3073 2332 3127 farina

191 3170 358 3211 ωτι-ω
387 3158 674 3211 visceribus
709 3157 996 3223 effoditur,
1021 3158 1076 3211 id
1109 3176 1219 3209 me·
1305 3156 1476 3227 probe
1515 3156 1777 3225 permixta
1810 3165 1921 3215 est,
1958 3164 2015 3205 et
2058 3154 2115 3205 iu
2164 3171 2329 3205 unum

189 3238 390 3291 sallum
423 3234 638 3291 dicitur.
662 3238 834 3291 Multa
855 3238 1013 3291 affert
1041 3256 1220 3291 exem·
1309 3253 1504 3305 corpus
1523 3234 1689 3287 veluti
1714 3233 1858 3285 coiit.
1882 3229 2068 3282 Hsun.

191 3318 288 3387 pla
311 3316 638 3387 Rosweydus
661 3330 870 3381 noster,
887 3319 946 3371 in
983 3317 1131 3371 Nott.
1156 3314 1224 3369 ad
1397 3332 1487 3382 17.
1515 3313 1806 3377 Furinae-io,
1828 3324 1929 3364 eto.
1948 3310 2150 3380 Lepide
2174 3310 2329 3363 Plau-

191 3396 433 3449 Panlliu.
461 3413 520 3465 p.
547 3396 682 3465 859.
721 3398 904 3451 Ηιιο.
1311 3407 1396 3447 tus
1415 3393 1474 3445 in
1499 3393 1649 3445 Poen.
1676 3393 1789 3454 111.
1815 3410 1861 3453 1,
1897 3410 1983 3455 xo,
2011 3390 2067 3441 ’m
2090 3390 2263 3443 lentos
2280 3403 2335 3443 et

285 3493 309 3527 1
327 3496 380 3529 α.
407 3476 587 3528 Fontes
639 3476 816 3529 omi.
844 3476 996 3529 MSS.
1023 3476 1189 3529 Aram·
1203 3510 1220 3537 ‚
1311 3470 1514 3527 tardius
1552 3472 1881 3524 ambulantes
1911 3488 1925 3522 :
1987 3496 2009 3517 ι
2058 3469 2197 3523 Nam
2238 3468 2337 3523 iste

192 3570 254 3609 et
275 3555 356 3607 ita
383 3554 654 3609 Broterius
685 3553 869 3609 edidit.
897 3556 1002 3609 Eo.
1314 3550 1532 3625 quidem
1557 3549 1753 3623 gradus
1774 3546 2035 3605 succretu’
2052 3561 2132 3601 est
2157 3548 2337 3603 cribro

289 3635 382 3689 13.
450 3636 602 3687 Alica
661 3636 954 3688 adulterina.
1005 3635 1228 3688 Pronus
1313 3632 1629 3705 pomoerio,
1662 3631 1775 3683 Nisi
1794 3648 1919 3683 cum
1936 3626 2143 3699 pedicis
2160 3628 2343 3681 condi·

195 3716 350 3767 hunc
403 3714 552 3765 alicae
605 3713 948 3767 conficiendas
1005 3712 1230 3765 modum
1317 3712 1607 3767 dicistissic
1618 3712 1725 3765 hoc
1738 3710 1955 3782 grassari
1970 3708 2341 3781 gratim-Dat..

197 3794 382 3864 Geop.
427 3795 634 3849 Auctor
663 3795 946 3864 expressit,
971 3794 1064 3847 lib.
1109 3794 1194 3847 111
1213 3830 1230 3856 ‚
1405 3795 1496 3847 18.
1531 3792 1582 3843 E
1585 3803 1607 3841 t
1630 3804 1817 3843 tantum
1841 3810 2033 3845 arenas.
2060 3788 2347 3843 Admixm

195 3894 322 3945 cap.
359 3892 414 3941 7,
439 3892 556 3945 pag.
587 3894 660 3943 9⁰
677 3912 694 3940 ,
724 3875 804 3929 tit.
836 3869 1058 3941 Χὸνὸρου
1089 3873 1234 3929 ποίη·
1321 3872 1552 3935 scilicet,
1572 3887 1635 3925 ut
1652 3870 1855 3925 dietum
1876 3882 1953 3923 est
1967 3868 2147 3939 prius:
2172 3868 2347 3920 Pisum

197 3976 298 4017 σις.
333 3953 522 4006 Haan.
1322 3972 1426 4008 cum
1459 3970 1637 4016 arena,
1658 3966 1759 4007 etc.
1780 3948 1967 4001 Hanno.

293 4053 316 4085 ι
331 4040 386 4095 4.
419 4032 596 4104 Fitque
617 4033 834 4085 dimidia.
871 4032 1072 4087 Nudati
1087 4031 1236 4085 tuni·
1411 4050 1499 4100 19.
1521 4032 1615 4085 Ad
1639 4034 1841 4083 ἱηὶτίιυη.
1864 4028 2015 4081 MSS.
2046 4029 2171 4095 Reg.
2194 4024 2353 4081 colb.

197 4114 282 4165 cis
305 4111 416 4165 suis
449 4111 598 4181 grani
622 4130 866 4167 mensura
893 4111 1122 4167 dimidio
1143 4111 1239 4165 mi·
1324 4110 1510 4165 Chim.
1537 4112 1608 4163 od
1630 4114 1818 4163 initum.
1849 4110 2038 4173 Forte,
2064 4106 2135 4157 ad
2156 4118 2352 4158 motum.

199 4212 310 4245 nor
337 4203 448 4255 est,
493 4210 656 4263 quam
699 4204 811 4245 erat
837 4192 1234 4247 circumvestiti.
1327 4190 1515 4241 limo.

1978 4282 2095 4364 15ί
