3150 5150
895 489 1216 556 LlnER
1270 489 1578 558 xvffl.
2156 490 2299 586 193

157 618 396 704 fibris,
449 621 592 689 sine
638 619 856 688 ramis.
902 621 1214 715 Erumpit
1271 644 1311 688 a
1364 621 1582 716 primo
1629 633 1777 688 satu
1826 621 2153 694 hordeum
2192 625 2299 694 die

159 727 492 819 septimo:
524 725 858 820 legumina
882 741 1154 819 quarto,
1181 723 1286 795 vel
1311 751 1516 820 quum
1545 725 1950 814 tardissime,
1978 733 2294 824 septimo:

161 818 392 901 faba¹⁴
441 857 482 902 a
519 855 619 902 xv
658 831 743 900 ad
795 856 932 915 xx3
980 829 1316 927 legumina
1353 834 1420 900 in
1466 834 1755 927 AEgypto
1795 835 1991 904 tertio
2034 835 2158 905 die.
2197 841 2299 906 Ex

161 937 426 1010 hordeo
445 925 492 963 ¹⁵
517 937 797 1007 alterum
829 953 1034 1033 caput
1060 941 1252 1033 grani
1287 939 1356 1007 in
1380 938 1673 1008 radicem
1703 942 1837 1008 exit
1856 993 1877 1028 ,
1920 939 2198 1011 alterum
2232 945 2299 1012 in

162 1042 450 1114 herbam
467 1097 488 1130 ,
506 1070 654 1139 quae
681 1059 748 1113 et
776 1044 958 1138 prior
975 1044 1186 1114 floret.
1219 1042 1537 1114 Radicem
1553 1030 1601 1068 ¹⁶
1628 1046 1911 1115 crassior
1936 1071 2089 1141 pars
2113 1051 2301 1145 grani

165 1149 429 1235 fundit,
466 1152 732 1220 tenuior
755 1150 1009 1219 florem.
1041 1152 1314 1222 Caeteris
1345 1149 1705 1221 seminibus
1741 1151 1969 1222 eadem
2000 1178 2189 1248 pars,
2235 1171 2302 1224 et

167 1257 500 1344 radicem,
540 1271 608 1326 et
637 1255 955 1327 florem¹⁷.

277 1348 704 1434 Frumenta¹⁸
745 1362 964 1432 hieme
992 1364 1062 1431 in
1092 1362 1298 1433 herba
1323 1377 1478 1432 sunt
1508 1389 1524 1430 :
1563 1388 1775 1432 verno
1801 1378 2103 1461 tempore
2130 1367 2302 1438 fasti·
2338 1377 2371 1430 3

167 1484 416 1566 gantur
429 1468 478 1507 ¹⁹
499 1471 569 1539 in
597 1467 910 1564 stipulam
926 1523 945 1556 ,
971 1494 1118 1564 quae
1143 1484 1299 1538 sunt
1324 1469 1591 1540 hiberni
1614 1472 1873 1565 generis
1905 1499 1921 1540 :
1952 1485 2022 1542 at
2047 1472 2301 1543 milium

167 1593 236 1646 et
271 1577 587 1673 panicum
617 1576 688 1642 in
707 1574 1001 1644 culmum
1029 1574 1472 1670 geniculatum
1511 1590 1580 1645 et
1609 1601 2015 1665 concavum,
2050 1603 2303 1650 sesama

167 1708 332 1752 vero
377 1684 448 1751 in
487 1679 974 1752 ferulaceum²⁰.
1030 1679 1411 1751 Omnium²¹
1473 1697 1765 1751 satorum
1827 1682 2116 1773 fructuS,
2187 1700 2303 1756 aut

167 1790 368 1884 spicis
427 1790 840 1873 continetur,
881 1801 960 1856 ut
1019 1789 1246 1873 tritici,
1298 1787 1579 1876 hordei;
1640 1791 2065 1885 muniturque
2124 1791 2302 1864 vallo

167 1897 524 1964 aristarum
561 1892 972 1990 quadruplici
993 1894 1038 1921 ²²
1075 1919 1092 1961 :
1133 1908 1249 1962 aut
1281 1893 1637 1963 includitur
1680 1893 1961 1989 siliquis,
2010 1911 2085 1966 ut
2118 1897 2301 1994 legu-

169 2003 430 2070 minum
469 2023 486 2068 :
531 2014 648 2069 aut
679 1997 998 2086 vasculis,
1044 2014 1116 2068 ut
1152 2024 1450 2086 sesamae,
1481 2025 1558 2069 ac
1596 2003 1958 2096 papaveris.
2004 2003 2301 2093 Milium,

167 2237 348 2279 merite
361 2263 380 2289 ,
399 2226 580 2297 inquit
601 2225 1002 2298 Theophrastus
1015 2264 1033 2290 ‚
1062 2243 1196 2297 prm·
1367 2245 1390 2280 1
1403 2229 1458 2280 6.
1475 2225 1719 2280 Raditum.
1746 2225 2147 2300 Theophrastus
2161 2266 2178 2294 ,
2198 2229 2301 2285 loc.

167 2306 423 2360 tenuibus
440 2323 504 2358 ac
521 2306 710 2360 multis
721 2305 990 2360 radicibus
1015 2306 1195 2360 nitun·
1280 2306 1371 2360 cit.
1399 2305 1579 2359 Hnnn.

169 2399 290 2438 tur:
311 2383 544 2456 ideoque
562 2385 800 2440 surculos
817 2405 926 2439 non
944 2385 1190 2438 mittunt:

167 2465 444 2537 legumina
465 2482 600 2518 vero
631 2478 686 2519 et
709 2463 986 2537 ὀροῧοειδῆ,
1017 2483 1193 2517 ramo·

169 2565 244 2613 ss,
253 2543 382 2617 quin
391 2543 598 2615 lignosa
613 2563 804 2599 eorum
821 2543 988 2599 radix.
1009 2569 1032 2591 ι·
1053 2545 1191 2599 Du..

167 2660 246 2670 —
295 2626 542 2695 Empit.
583 2626 936 2696 Theophrast.
990 2624 1192 2701 Histor-

169 2707 266 2759 lib.
305 2704 480 2769 vm,
503 2724 622 2777 cap.
670 2723 717 2760 1.
752 2704 894 2759 Vide
919 2718 971 2758 et
993 2705 1194 2757 Varro·

169 2806 296 2840 nem
323 2787 397 2842 de
428 2786 508 2837 Re
535 2787 683 2838 Rust.
709 2786 769 2849 1,
798 2786 891 2849 45.
932 2786 1115 2837 Hnm.

256 2876 348 2933 14.
377 2864 524 2921 Faba
549 2884 582 2915 a
620 2865 742 2918 XV
766 2865 837 2916 ad
853 2864 988 2917 XX.
1015 2864 1195 2916 Theo-

165 2947 376 3018 phrast.
405 2974 430 2995 ι
451 2944 622 3008 Faba,
651 2945 853 3015 inquit,
879 2942 1194 3016 quibusdem

169 3028 228 3079 in
255 3027 390 3081 locis
417 3025 508 3080 die
547 3044 616 3077 xv
633 3064 647 3088 ,
673 3024 800 3077 alias
823 3025 981 3077 etiam
1007 3021 1192 3075 vicesi-

167 3126 265 3159 mo
285 3125 302 3160 ε
325 3108 440 3161 hnc
465 3104 606 3157 enim
623 3104 866 3156 omnium
882 3102 1192 3155 difficillime

165 3189 450 3257 provenit3
477 3202 542 3237 nc
566 3184 610 3237 si
635 3184 880 3254 frequens
899 3195 1023 3254 post
1041 3182 1193 3235 satio·

167 3285 294 3319 nem
315 3268 492 3320 imber
507 3264 810 3318 successerit
825 3302 840 3327 ,
854 3263 1076 3315 omnino
1097 3260 1198 3315 dif-

169 3348 331 3401 ficilis
357 3356 623 3418 proventu
651 3341 913 3397 redditur.
938 3369 961 3389 ι
990 3344 1194 3411 Κύαμος

167 3424 228 3479 δὲ
247 3430 444 3495 ἐνιαχοῦ
469 3425 554 3479 καὶ
577 3418 1093 3482 πεντικαιδεκαταῖος·
1113 3422 1193 3473 ὅτε

165 3504 228 3557 δὲ
256 3508 344 3560 καὶ
371 3506 612 3565 αἶπος-αἴας
630 3540 647 3565 ,
681 3515 778 3555 etc.
815 3503 999 3553 Hum.

255 3604 280 3638 ι
297 3590 350 3639 5.
373 3586 462 3637 Ex
485 3584 677 3635 hordeo.
693 3580 1044 3651 Theophrast.
1061 3578 1192 3631 Hist.

168 3666 264 3718 lib.
289 3664 458 3721 vm,
491 3680 610 3733 cup.
649 3680 699 3713 ².
729 3662 912 3713 ΒΑΜ).
947 3690 1028 3701 -
1059 3659 1200 3710 Alte·

169 3764 274 3797 runs
301 3749 354 3796 in
383 3744 578 3797 herbam
594 3780 611 3805 ,
649 3760 756 3812 quoe
793 3752 844 3791 et
870 3743 1011 3810 prior
1020 3740 1193 3809 floret.

169 3827 298 3877 Pers
340 3825 508 3877 altere
555 3820 700 3891 grani
747 3819 1027 3884 hordeaci,
1075 3836 1197 3888 quie

165 3904 424 3975 superior
441 3914 544 3963 est,
559 3906 713 3971 prior,
733 3900 956 3952 herbam
983 3898 1198 3963 emittit,

167 4002 232 4035 ex
259 4000 366 4055 qun
395 3980 500 4034 flos
521 3980 737 4045 emicnt3
759 3996 882 4050 pars
905 3980 1088 4039 altera,
1120 3980 1196 4029 ia-

166 4066 351 4125 ser-ior,
397 4062 512 4115 exit
549 4060 606 4112 in
645 4057 897 4113 radicem.
935 4060 1018 4113 Ex
1058 4057 1198 4113 notis

171 4142 392 4197 ineditis
423 4141 510 4194 Cl.
537 4138 781 4194 Gerardi.
811 4138 920 4191 En.

334 4252 469 4319 Vl.

1369 2400 1456 2456 17.
1479 2385 1743 2455 Eeflomm.
1758 2384 1875 2438 Hoc
1897 2399 2000 2450 est,
2018 2399 2080 2441 ut
2098 2386 2300 2443 dictum

1283 2478 1360 2518 est
1377 2465 1649 2536 proxime,
1661 2465 1715 2518 in
1733 2464 1953 2518 herbam
1972 2465 2102 2532 exit,
2115 2485 2233 2538 quoe
2250 2480 2305 2522 et

1281 2545 1431 2617 prius
1466 2543 1621 2599 floret
1644 2584 1661 2611 ,
1683 2545 1794 2599 sive
1823 2545 2303 2617 germinat..Thco-

1283 2624 1481 2694 phi-ast.
1501 2625 1606 2678 loc.
1631 2625 1719 2677 cit.
1743 2646 1765 2667 ι
1783 2637 1834 2677 et
1855 2623 2091 2679 radicem
2112 2640 2167 2681 et
2184 2647 2305 2682 cau-

1279 2704 1385 2758 lem
1415 2722 1506 2758 seu
1526 2704 1728 2774 spicam
1752 2731 1773 2751 -
1806 2703 1962 2757 dixit.
1992 2708 2195 2777 Κὺαμος
2218 2710 2303 2763 καὶ

1281 2784 1350 2836 τὰ
1390 2784 1516 2837 ἄλλα
1550 2780 1800 2855 χεδροπὰ,
1840 2786 1928 2853 οὐχ
1962 2787 2170 2857 ὁμοίως,
2198 2789 2303 2840 ἀλλ’

1284 2866 1338 2917 ἐκ
1362 2870 1446 2916 τοῦ
1474 2867 1623 2917 αὐτοῦ
1645 2864 1733 2920 τὴν
1755 2866 1885 2935 ῥίζαν
1911 2866 1995 2919 καὶ
2013 2868 2095 2919 τὸν
2109 2868 2302 2920 καυλόν.

1289 2970 1312 2992 ι
1341 2942 1478 2996 Faba
1502 2982 1519 3009 ,
1552 2956 1843 3013 caeteraque
1886 2944 2151 3014 legumina
2191 2965 2303 2999 non

1280 3021 1468 3077 eodem
1495 3021 1659 3075 modo
1685 3023 1936 3075 emittunt
1960 3041 1973 3075 ε
1998 3022 2091 3076 sed
2118 3023 2301 3078 eedem

1280 3120 1344 3155 ex
1371 3115 1520 3174 parte
1545 3100 1779 3153 radicem
1803 3099 2066 3166 fundunt,
2097 3117 2149 3157 et
2178 3124 2299 3158 cau-

1279 3181 1403 3236 lem.
1427 3208 1450 3228 ι
1477 3178 1759 3233 H.-Vid.
1788 3194 1897 3233 not.
1928 3180 1995 3234 15
2022 3182 2114 3234 fin.
2139 3182 2244 3236 En.

1369 3280 1392 3313 1
1405 3263 1459 3315 8.
1481 3262 1742 3312 Frumenta
1760 3260 1922 3312 In'eme.
1946 3260 2300 3332 Theophrast.

1281 3342 1386 3394 loc.
1418 3340 1506 3392 cit.
1537 3352 1588 3391 et
1616 3356 1731 3409 cap.
1769 3340 1821 3392 3.
1852 3338 2036 3393 ΗΑιῐ).

1370 3438 1459 3487 19.
1493 3419 1815 3487 Fastigantur
1852 3422 1904 3470 in
1931 3420 2171 3489 stipulam.
2217 3420 2303 3475 Sic

1285 3518 1348 3551 ex
1365 3498 1517 3551 MSS.
1541 3495 1816 3552 emendam
1854 3497 2022 3552 Hard.
2061 3504 2306 3569 spicoma:-

1284 3576 1520 3633 chifflet.
1549 3574 1670 3630 cod.
1698 3578 2021 3646 sastige'aneur
2060 3578 2301 3635 Gronov.

1283 3670 1338 3710 et
1365 3658 1430 3711 al.
1459 3657 1566 3709 En.

1369 3756 1454 3791 ιο.
1497 3738 1556 3789 In
1574 3736 1890 3804 ferulaceum.
1938 3736 2015 3790 Ut
2039 3750 2095 3791 et
2136 3740 2303 3811 erysi-

1285 3836 1453 3871 mum.
1476 3816 1753 3887 Theophr.
1781 3818 1986 3869 Dum.

1367 3918 1394 3949 2
1408 3916 1430 3948 1
1445 3936 1457 3948 .
1511 3896 1737 3949 Omnium
1779 3908 2007 3949 satorum.
2034 3896 2305 3967 Theophr-

1284 3976 1418 4029 Hist.
1451 3976 1546 4029 lib.
1587 3976 1748 4039 VIII,
1776 3994 1890 4045 cap.
1923 3977 1973 4030 3.
2007 3974 2185 4027 Hau).

1371 4076 1457 4110 υ.
1491 4054 1826 4125 ρηαᾰνυρὶἱσὶ.
1866 4054 1991 4107 Vet.
2025 4052 2309 4127 quade-{fido-

1289 4136 1394 4188 Alii
1417 4136 1563 4188 Vett.
1589 4134 1891 4205 quadripedi.
1918 4132 2021 4185 En.

1912 4235 2001 4308 13
