3150 5150
968 479 1277 546 LIBER
1327 479 1535 545 XIX.

2169 473 2308 570 379

222 608 480 706 principi
510 609 745 676 missus
784 620 907 676 est.
936 608 1007 676 Si
1039 607 1304 727 quando
1344 605 1574 676 incidit
1613 629 1816 699 pecus
1851 605 1920 674 in
1963 631 2148 700 spem
2187 631 2300 675 na·
2343 643 2370 674 2

222 716 477 801 scentis,
506 713 635 784 hoc
670 713 1189 806 deprehenditur
1218 716 1449 809 signo:
1488 736 1652 796 ove,
1687 735 1896 806 quum
1917 711 2304 798 comederit,

218 819 559 891 dormiente
604 821 947 914 protinuS,
1003 844 1205 914 capra
1244 833 1664 912 sternuente·
1711 817 2010 936 diuque
1987 842 2134 948 Jam
2169 843 2304 887 non

218 925 385 994 aliud
411 925 487 994 ad
518 951 638 994 nos
678 925 1014 994 invehitur
1044 924 1248 1010 laser,
1290 949 1489 1021 quam
1516 903 1745 1019 quod
1727 949 1794 994 in
1831 909 2134 1006 Perside⁶
2152 938 2307 1010 ,aut

210 1031 447 1118 Media,
484 1046 549 1101 et
586 1033 896 1100 Armenia
936 1032 1227 1102 nascitur
1256 1031 1476 1126 large,
1506 1030 1623 1100 sed
1651 1029 1862 1099 multo
1898 1029 2070 1099 infra
2100 1035 2303 1160 Cyre·

206 1139 487 1206 naicum:
532 1137 599 1206 id
629 1161 895 1232 quoque
936 1137 1374 1208 adulteratum
1406 1138 1699 1234 gummi,
1725 1136 1877 1206 aut⁷
1913 1121 2280 1231 sagapeno⁸
2283 1188 2303 1221 ‚

206 1258 313 1312 aut
342 1243 485 1312 faba
525 1243 753 1314 fracta.
804 1244 963 1332 Quo
1000 1247 1220 1314 minus
1236 1243 1696 1314 omittendum
1734 1242 2020 1326 videtur,
2048 1245 2128 1313 C.
2169 1245 2308 1312 Va·

200 1347 387 1418 lerio⁹
389 1403 409 1436 ,
438 1351 526 1418 M.
554 1351 890 1420 Herennio
919 1374 1087 1420 coss.
1116 1352 1391 1445 Cyrenis
1426 1349 1706 1420 advecta
1737 1351 2020 1419 Romam
2044 1347 2305 1444 publice

202 1453 499 1549 laserpitii
525 1454 749 1550 pondo
774 1481 958 1545 xxx3
984 1458 1314 1528 Caesarem
1333 1481 1497 1526 vero
1526 1455 1915 1525 dictatorem
1939 1456 2125 1525 initio
2153 1452 2306 1522 belli

198 1559 427 1648 civilis,
467 1561 639 1630 inter
693 1585 930 1631 aurum
985 1577 1466 1657 argentumque
1530 1559 1882 1656 protulisse
1940 1585 2023 1630 ex
2075 1561 2308 1630 aerario
2379 1591 2387 1600 ·

198 1665 499 1762 laserpitii
519 1666 741 1761 pondo
762 1691 843 1738 Μ.
860 1692 909 1736 D
928 1666 943 1692 ¹

194 1773 471 1842 tissimos
517 1774 887 1844 invenimus
939 1788 1170 1843 natum
1232 1775 1443 1844 imbre
1493 1773 1722 1870 piceo¹
1705 1771 1752 1798 ¹²

185 1877 439 1948 defacta
516 1877 779 1966 tellure,
838 1881 1015 1949 circa
1080 1881 1519 1976 Hesperidum
1579 1865 1876 1950 hortos*

950 1665 993 1735 ⁰.
1027 1668 1107 1737 Id
1134 1668 1313 1764 apud
1346 1665 1708 1738 auctores¹¹
1742 1669 2017 1738 Graeciae
2050 1666 2305 1736 eviden·
2341 1684 2372 1736 3

1821 1788 2092 1904 repente
2165 1796 2300 1841 ma-

1931 1881 2304 1974 Syrtimque

184 1983 535 2076 majorem‚
571 1999 820 2080 septem
854 1987 1041 2055 annis
1078 2002 1231 2066 ante
1268 1987 1589 2082 oppidum
1633 1989 2081 2124 Cyrenarum,
2126 1983 2305 2078 quod

180 2089 515 2160 conditum
543 2106 643 2161 est
658 2093 863 2162 Urbis
892 2106 1139 2164 nostrae
1166 2119 1342 2164 anno
1363 2079 1850 2165 cxn111¹¹.Vim
1878 2106 2100 2161 autem
2128 2089 2308 2158 illam

255 2295 307 2344 6.
356 2292 506 2362 Quod
544 2296 595 2344 In
642 2293 857 2348 Perside.
905 2295 986 2346 De
1031 2295 1196 2348 lasere

173 2369 365 2425 Media
387 2409 406 2437 ,
432 2371 737 2425 Eustathius
786 2373 841 2425 in
873 2374 1095 2445 Dionys.
1142 2393 1195 2426 v.

172 2469 347 2520 1017,
373 2470 427 2521 p.
476 2467 608 2522 ιη.
647 2453 727 2504 De
760 2450 947 2524 Syris,
978 2451 1158 2506 Media
1181 2492 1197 2518 ,

170 2530 528 2602 Armeniaque
555 2530 928 2598 Dioscorides,
961 2533 1054 2587 lib.
1081 2531 1195 2598 111,

170 2628 281 2679 zap.
310 2618 404 2679 94.
454 2611 700 2682 Apicius,
725 2610 821 2665 lib.
849 2614 908 2677 1,
932 2629 1049 2684 cap.
1095 2612 1195 2677 30,

170 2694 293 2741 'aser
334 2690 621 2742 Parthicum
660 2705 830 2745 vocat.
862 2692 933 2745 H.
976 2722 1059 2751 -ιι
1101 2692 1198 2745 Est

170 2769 351 2820 Fet-ula
378 2770 515 2822 Assa
545 2771 727 2837 soetida
748 2809 764 2834 ,
808 2770 877 2824 de
925 2788 1028 2843 qun
1071 2768 1197 2823 vide

170 2862 283 2902 iot.
314 2847 386 2901 ad
414 2850 612 2902 calcem
635 2850 748 2921 huj.
768 2850 865 2902 lib.
892 2848 997 2904 En.

236 2946 297 2997 7.
333 2930 464 2981 Aue.
492 2928 579 2981 Sic
616 2930 871 2983 Franzius
908 2948 975 2981 ex
1012 2930 1191 2983 Dalec.

171 3004 327 3059 lar-d.
360 3020 417 3060 et
454 3006 608 3061 Brot.
642 3009 839 3062 omisso
867 3016 937 3081 τῷ
968 3021 1082 3074 aut,
1107 3029 1195 3063 sa-

170 3106 343 3156 apeno
360 3124 377 3151 ,
398 3098 455 3139 et
481 3092 749 3159 sacopenio.
774 3090 882 3142 En.

225 3168 286 3218 8.
336 3167 457 3218 Aue
477 3186 740 3237 sagapeno.
765 3166 856 3221 Sic
884 3165 1191 3221 Dioscorid.

170 3244 243 3297 ib.
280 3245 407 3308 111,
430 3264 548 3319 cap.
574 3255 649 3317 94
676 3266 691 3299 :
723 3254 954 3301 Δολοῦται
992 3244 1051 3301 δῦ
1092 3252 1193 3311 πᾶς

170 3327 269 3383 κὸς
316 3328 419 3395 πρὸ
454 3332 541 3378 τοῦ
582 3327 868 3398 ξηρανθῆναι
902 3334 1193 3397 earumve&

170 3406 451 3474 ιγνυμίνου
466 3442 482 3468 ,
506 3406 539 3462 ἣ
566 3406 763 3477 &sipon
791 3408 1035 3479 ὄριγμινοῦ
1051 3448 1067 3471 ,
1090 3420 1191 3461 etc.

214 3502 279 3551 9.
320 3483 388 3536 C.
425 3484 647 3537 Valerio.
675 3486 961 3540 &Valerio
982 3486 1188 3551 Flacco,

170 3580 195 3613 e
228 3580 357 3633 quo
386 3562 519 3617 val.
551 3565 691 3617 Max.
710 3566 805 3618 lib.
840 3566 951 3630 vl,
982 3584 1099 3637 cap·
1126 3584 1183 3635 9.

170 3660 353 3694 nnnc.
399 3674 487 3685 —
529 3644 591 3697 C.
622 3644 841 3699 Valerio.
894 3646 957 3697 In
986 3663 1187 3698 annum

170 3720 311 3773 this
372 3725 489 3775 661
543 3723 735 3777 incidit
785 3724 1090 3778 consulatus
1122 3724 1184 3776 C.

170 3800 353 3861 nien-ji
380 3800 599 3863 Flacci,
624 3816 678 3857 et
698 3804 776 3856 M.
806 3804 1184 3857 Herennii.Vi·

170 3900 179 3929 .-
220 3878 497 3933 Cassiod.
524 3882 633 3935 sul.
663 3883 861 3955 Obseq.
895 3894 951 3935 et
972 3884 1183 3955 Fragm-

170 3958 379 4030 npitol.
408 3959 601 4014 nium.

196 4057 223 4091 1
238 4058 307 4091 ο.
324 4034 521 4091 Pondo
542 4040 619 4094 M.
644 4038 714 4093 D.
740 4042 857 4095 Hoc
878 4054 975 4105 est,
999 4041 1190 4113 pondo

171 4118 273 4171 ile
306 4118 636 4191 quingenta.
666 4121 745 4175 lta
772 4121 927 4177 MSS.
958 4123 1092 4193 neg..
1118 4140 1147 4174 2
1174 4160 1190 4187 ,

1284 2307 1337 2348 et
1358 2294 1514 2350 colb.
1544 2312 1683 2360 non,
1704 2307 1766 2348 ut
1787 2292 1942 2355 editi,
1963 2293 2129 2364 pondo
2153 2294 2301 2348 CXI.

1284 2375 1355 2428 H.
1386 2405 1465 2418 -·
1488 2375 1640 2427 Brot.
1665 2392 1730 2427 ex
1757 2373 1914 2428 MSS.
1939 2372 2090 2427 CXI.
2121 2375 2224 2426 En.

1368 2475 1386 2506 ι
1404 2471 1454 2506 1.
1472 2454 1539 2506 ld
1558 2453 1693 2523 apud
1714 2467 1948 2506 auctores.
1973 2453 2067 2506 Est
2088 2464 2144 2506 et
2159 2451 2306 2523 apud

1280 2533 1638 2605 Theophrast.
1677 2532 1812 2587 nist.
1850 2533 1944 2585 lib.
1970 2533 2078 2597 vl,
2099 2549 2214 2604 cap.
2249 2532 2304 2585 3.

1280 2612 1347 2667 Η.
1364 2614 1986 2669 -Em'deneim‘mos.Vet.
2017 2630 2101 2684 ap.
2123 2613 2304 2666 Daiec.

1282 2697 1643 2747 vetustissimos.
1671 2692 1776 2747 En.

1368 2790 1452 2827 η.
1483 2774 1647 2826 Piceo.
1677 2772 1870 2826 Crasso
1909 2784 1964 2825 et
1986 2772 2142 2843 nigro
2169 2770 2304 2843 picis

1280 2850 1466 2905 modo.
1499 2856 1706 2906 Dsnuc.

1367 2933 1456 2986 13.
1486 2932 1804 3003 Hesperidum
1834 2931 2010 2983 hortos.
2040 2928 2182 2982 Vide
2209 2930 2302 2983 lib.

1280 3011 1331 3059 V
1336 3030 1491 3082 ..cap
1529 3009 2306 3081 5.Theophmst.10c.cit.ut

1278 3089 1539 3162 quidem'
1522 3109 1580 3143 in
1609 3091 1760 3143 libris
1790 3087 1947 3141 editis
1960 3089 2121 3158 vulgo
2142 3089 2302 3141 habe-

1278 3181 1390 3235 tur,
1418 3170 1529 3241 περὶ
1554 3171 1641 3228 τὴν
1673 3171 1840 3239 Σύρτιν
1875 3168 1974 3220 ἀπὸ
2005 3174 2102 3220 τῶν
2136 3156 2303 3220 ἑσπο-

1279 3245 1461 3319 ρὶδων,
1486 3248 1628 3303 eirea
1663 3247 1998 3318 Hesperiam,
2033 3264 2124 3299 seu
2148 3248 2304 3299 Bere-

1278 3328 1453 3381 nieem
1497 3326 1758 3399 oppidum
1787 3325 1930 3398 Syrti
1961 3326 2212 3379 vicinum.
2235 3325 2303 3379 Η.

1365 3413 1456 3471 14.
1507 3408 1658 3461 Anno
1690 3405 1940 3460 CXLIII.
1967 3405 2305 3478 Olympiadis

1275 3506 1380 3541 xcv
1402 3505 1570 3540 annus
1589 3486 1676 3539 hic
1701 3484 1966 3539 secundus
1985 3485 2105 3539 fnit.
2122 3486 2304 3539 Theo·

1275 3567 1517 3638 phi-astus
1530 3567 1632 3619 loc.
1653 3566 1744 3620 cit.
1761 3563 2030 3619 conditam
2054 3566 2304 3636 Cyrenen

1274 3647 1349 3700 nit
1387 3647 1535 3701 annis
1573 3647 1686 3699 fere
1729 3645 1980 3699 trecentis
2019 3657 2300 3718 antequem

1271 3726 1486 3779 Archon
1517 3725 1737 3779 Athenis
1778 3723 2086 3779 Simonides
2117 3726 2254 3779 foret
2286 3743 2300 3776 ε

1272 3806 1376 3859 fuit
1404 3819 1575 3859 nutem
1601 3806 1646 3858 is
1670 3806 1884 3859 Archon
1906 3805 2124 3875 Olymp.
2147 3821 2297 3856 exvn

1272 3904 1414 3938 anno
1466 3884 1731 3950 secundo,
1777 3885 1925 3939 urbis
1953 3886 2134 3937 Romo
2167 3889 2298 3945 ⁴4²·

1278 3966 1457 4029 Quare
1506 3982 1631 4019 cum
1680 3964 1856 4017 Plinio
1906 3962 2304 4033 Theophrastus

1278 4044 1422 4109 tacit,
1436 4064 1605 4115 quum
1620 4064 1650 4096 a
1661 4056 2020 4097 trecentorum
2037 4059 2303 4095 annornm

1278 4142 1503 4177 numero
1554 4124 1744 4177 unicus
1783 4118 2130 4176 desideretur.
2162 4120 2302 4175 soli-
