3150 5150
924 555 1241 624 LIBER
1303 555 1558 622 XVII.

655 707 872 752 marra
929 687 1106 778 rejici
1147 699 1540 779 quaternum
1590 684 1833 779 pedum
1854 669 1907 710 ³⁰
1954 684 2314 770 fermenne,

173 685 354 778 palio
397 683 536 753 alto
579 711 594 752 τ

2213 550 2311 648 93

173 797 260 860 ita
303 805 380 859 ut
411 793 476 858 in
507 789 711 885 pedes
754 777 1006 859 binos³¹
1047 791 1220 860 fossa
1253 792 1588 886 procedat.
1634 793 1910 860 Fossum
1928 776 1979 815 ³²
2008 792 2315 887 purgari,

173 913 242 965 et
267 896 577 978 extendi,
607 921 694 965 ne
721 897 1002 965 crudum
1025 883 1074 922 ³³
1103 897 1266 967 relin

179 989 410 1072 sul-³³⁴.
469 1001 652 1071 Male
713 1005 1114 1096 pastinatum
1173 1003 1682 1100 deprehendunt
1750 1027 2017 1072 scamna

1269 913 1510 992 quatur
1540 923 1554 965 :
1586 922 1817 966 verum
1850 912 1919 966 et
1952 898 2122 1028 exigi
2142 923 2317 966 men·

2153 1029 2315 1073 lnae-

180 1108 425 1204 qualia.
459 1109 802 1178 Metienda
831 1123 931 1180 est
968 1125 1037 1179 et
1071 1135 1147 1179 ea
1184 1135 1375 1206 pars,
1421 1135 1568 1205 quae
1600 1095 2009 1204 interjacet³⁶
2043 1109 2315 1204 pulvini.

181 1214 446 1286 Surculi
483 1230 798 1284 seruntur
831 1231 898 1286 et
939 1219 1007 1284 in
1041 1218 1308 1306 scrobe,
1344 1232 1412 1286 et
1447 1219 1514 1286 in
1552 1215 1738 1286 sulco
1764 1216 2093 1314 longiore,
2120 1241 2321 1312 super

186 1394 361 1446 Gallis
383 1432 401 1457 ,
435 1394 558 1444 boue
593 1405 648 1446 et
691 1412 844 1446 marre
877 1393 936 1445 de
957 1397 1211 1463 ve'gnemn.

187 1473 376 1544 Papias
386 1473 446 1526 in
458 1473 724 1527 Vocabul.
736 1497 759 1518 ο
775 1474 970 1526 Marrae
983 1510 999 1538 ,
1019 1492 1214 1546 sappae,

189 1555 542 1606 iustrumenta
568 1553 905 1606 rusticorum.
936 1579 959 1599 ι
991 1553 1174 1606 ΗΑιιυ.

267 1633 362 1686 3ο.
411 1633 710 1702 Quaeemtmt
746 1633 922 1704 pedm·
957 1633 1214 1699 firmenta.

191 1715 268 1764 Its
307 1713 472 1765 MSS.
504 1731 692 1766 omnes
707 1757 725 1780 ,
767 1731 880 1766 nou
899 1714 1217 1777 fite-amento.

191 1793 306 1844 Hoc
339 1803 448 1857 est,
465 1791 664 1846 humus
693 1811 724 1844 e
755 1792 892 1846 fossa
917 1789 1086 1844 duum
1100 1791 1215 1846 alti·

191 1870 391 1924 tudinis
409 1871 612 1942 pedum
635 1884 887 1937 extracta,
914 1871 982 1924 sd
1015 1869 1220 1942 pedum

191 1963 424 2022 quatuor
432 1949 776 2005 altitudinem
789 1949 950 2005 debet
961 1969 1218 2013 crescere,

191 2050 358 2102 quum
377 2031 560 2084 laxior
573 2029 706 2084 facta
731 2043 834 2098 est,
857 2031 1222 2102 pastinationis

192 2129 314 2182 ope.
325 2110 549 2172 Colum.
571 2110 609 2163 l.
625 2111 726 2175 IV,
746 2129 792 2166 c.
815 2130 838 2164 1
862 2109 1063 2176 :·Quid
1075 2109 1221 2182 quod

191 2191 512 2261 repastinata
533 2190 760 2257 humus,
783 2187 916 2242 dum
943 2203 1022 2244 est
1037 2209 1223 2245 recens

191 2270 362 2323 soluta
379 2309 398 2332 ,
427 2271 706 2342 laxataque
722 2309 739 2334 ,
777 2269 922 2322 velut
963 2271 1224 2323 fermento

196 2347 430 2421 quodam
463 2348 808 2403 intumescit?
837 2367 1003 2420 quum
1027 2347 1227 2402 deinde

199 2449 302 2482 non
333 2428 700 2500 longissimam
724 2429 868 2500 cepit
886 2441 1223 2492 vetustatem,

199 2507 520 2562 condensata
545 2507 798 2575 subsidit,
823 2518 926 2562 etc.
955 2537 977 2556 ι
1005 2511 1231 2563 Iterum-

201 2608 334 2661 que:
361 2616 386 2637 ι
419 2592 570 2660 Ager
587 2622 606 2650 ,
641 2590 686 2642 si
714 2588 918 2661 bipalio
946 2602 1194 2644 movetur
1214 2628 1230 2654 ,

201 2668 426 2723 altitudo
467 2668 765 2740 bipedanea
805 2670 898 2721 fit:
921 2668 1232 2743 deprimun-

203 2766 286 2802 tur
309 2746 512 2803 deinde
535 2750 736 2801 semina
755 2750 812 2801 in
835 2763 1070 2821 regesto,
1086 2747 1235 2822 quod

203 2842 280 2881 est
307 2830 687 2883 fermentatum
715 2828 834 2899 plus
859 2828 1140 2902 dupondio
1159 2847 1236 2882 se·

205 2910 378 2963 misse:
391 2926 520 2961 nom
535 2926 746 2980 semper
758 2908 814 2960 in
832 2908 994 2979 plano
1007 2909 1238 2965 refusius

209 3002 376 3059 egesta
403 2990 607 3041 humus
638 2988 894 3042 tumidior
921 3001 1035 3051 est,
1077 3006 1236 3061 quam

209 3068 401 3140 gradus
427 3068 531 3122 soli
548 3067 728 3122 crudi.
753 3093 778 3116 ι
811 3067 995 3123 ΒΑΜ).

287 3147 383 3202 31.
417 3149 506 3201 Ita
547 3158 602 3199 ue
642 3152 694 3201 1⁹7⁸
730 3148 877 3219 pedes
921 3148 1072 3201 biems.
1113 3146 1238 3203 Hoec

213 3230 356 3281 fossa
385 3226 622 3281 altitudo
642 3239 740 3281 est.
772 3228 985 3283 Colum.
1013 3228 1110 3283 lib.
1133 3228 1239 3294 111,

214 3326 319 3379 ορ.
345 3306 412 3361 ⁵:
441 3332 468 3356 ι
490 3308 639 3378 Ergo
655 3304 937 3361 mediocris
957 3321 1011 3362 et
1030 3306 1240 3363 modice

217 3388 374 3440 siccus
392 3406 528 3459 ager
553 3386 766 3441 vitiario
792 3401 873 3441 est
913 3388 1239 3458 aptissimus,

219 3468 356 3539 isque
385 3467 596 3539 bipalio
639 3467 792 3537 prins
837 3468 1010 3539 subigi
1049 3466 1238 3533 debet,

221 3564 330 3615 qu·
345 3560 426 3601 est
439 3545 674 3601 altitudo
695 3547 1192 3618 pastinationis,etc.
1207 3574 1228 3595 ι

225 3626 392 3681 Han.

295 3707 386 3759 3².
413 3706 624 3759 Famam
649 3710 877 3777 purgari.
899 3708 1095 3771 Terra,
1120 3726 1242 3780 quae

227 3786 400 3839 effossa
449 3799 531 3840 est
552 3824 570 3851 ,
617 3786 876 3858 stirpibus
897 3826 914 3852 ,
959 3788 1242 3860 herbisque

229 3866 385 3919 noxiis
406 3864 708 3919 liberanda.
741 3866 924 3920 Iliun.

301 3945 394 3999 33.
420 3946 501 3999 Ne
526 3946 746 3999 crudum.
767 3947 1078 4013 Immotum,
1099 3946 1246 4018 quod

231 4044 332 4077 non
353 4026 421 4080 sit
445 4028 620 4097 probe
643 4026 992 4097 pastinatione
1013 4027 1244 4080 solutum

231 4118 278 4155 vt
313 4106 708 4160 fermentatum.
751 4106 951 4160 Panna.
977 4106 1070 4160 lib.
1103 4106 1158 4159 ΙΙ
1191 4106 1246 4159 iu

229 4184 434 4239 Jauuar.
453 4187 530 4239 tit.
564 4204 660 4241 10:
695 4212 720 4235 ι
738 4186 940 4241 Pastilli
957 4206 1083 4241 vero
1105 4184 1250 4257 quod

1301 1411 1461 1447 omne
1478 1394 1797 1458 versabitur,
1818 1394 1979 1448 trium
1996 1395 2082 1448 vel
2094 1393 2327 1450 duorum

1302 1473 1458 1527 semis
1484 1471 1683 1544 pedum
1730 1472 2010 1528 altitudine
2037 1486 2177 1528 terra
2205 1475 2324 1527 uni-

1300 1571 1448 1606 versa
1480 1551 1733 1618 fodietur,
1770 1553 1827 1606 in
1851 1573 1957 1624 quo
1978 1552 2081 1608 erit
2104 1553 2326 1625 diligen·

1303 1633 1376 1686 tia
1392 1671 1409 1699 ,
1433 1651 1504 1685 ue
1528 1631 1757 1686 crudum
1782 1632 1971 1688 fraude
1992 1634 2198 1688 occulta
2218 1635 2325 1688 fos·

1301 1732 1392 1766 sor
1409 1711 1665 1766 includat.
1686 1739 1707 1760 ι
1742 1713 1925 1767 niun.

1385 1791 1478 1855 34.
1511 1793 1675 1864 Exigi·
1714 1811 1949 1848 mensum.
1995 1791 2088 1846 Ad
2128 1808 2327 1848 certum

1303 1871 1538 1942 regulam
1556 1911 1571 1934 ,
1597 1889 1689 1925 seu
1717 1891 2017 1926 mensuram
2042 1873 2178 1945 exigi
2195 1911 2211 1938 ,
2238 1891 2331 1926 cu-

1303 1953 1388 2024 jus
1423 1950 1492 2004 ed
1535 1949 1875 2006 altitudinem
1914 1953 2111 2006 humus
2153 1953 2328 2006 omnis

1305 2041 1484 2086 emota
1531 2032 1802 2103 pertingat
1848 2032 2137 2103 aqualiter.
2204 2033 2329 2086 Haec

1307 2111 1480 2164 multo
1499 2111 1717 2164 uberius
1738 2111 1947 2166 Colum.
1971 2113 2009 2165 1.
2028 2112 2143 2178 111,
2162 2130 2208 2165 c.
2240 2131 2263 2165 1
2276 2111 2331 2176 3,

1309 2191 1460 2260 cujus
1479 2190 1643 2244 verba
1668 2191 1851 2262 utique
1876 2191 2170 2264 plurimum
2198 2191 2331 2244 lucis

1310 2269 1539 2323 orationi
1586 2269 1843 2324 Pliniana
1907 2283 2029 2323 sunt
2091 2270 2331 2325 allatura.

1315 2349 1504 2419 «Opus
1543 2363 1655 2416 est,
1684 2351 1883 2421 inquit,
1909 2349 2084 2420 perito
2110 2368 2172 2403 sc
2201 2351 2333 2422 vigi·

1312 2429 1445 2482 lanti
1465 2442 1740 2494 exactore,
1763 2431 1857 2502 qui
1887 2430 2061 2501 ripam
2088 2430 2216 2501 erigi
2247 2431 2335 2501 ju·

1314 2509 1435 2562 beat
1446 2546 1462 2571 ,
1488 2509 2036 2582 sulcumque'vacusri
2051 2548 2067 2578 ,
2084 2527 2146 2563 nc
2163 2520 2339 2564 totum

1315 2588 1543 2660 spatium
1569 2587 1725 2643 crudi
1744 2590 1840 2643 soli
1879 2608 1999 2644 cum
2028 2603 2201 2643 emota
2228 2592 2339 2664 jam

1317 2682 1456 2722 terra
1478 2668 1742 2723 committi
1748 2709 1883 2725 .....
1907 2669 2012 2723 Sed
2042 2670 2167 2724 huic
2189 2670 2340 2743 operi

1317 2746 1581 2820 exigendo
1616 2749 1765 2820 quasi
1806 2747 2093 2823 quamdam
2140 2750 2342 2804 machi-

1317 2846 1440 2881 num
1467 2830 1757 2882 commenti
1784 2831 2009 2900 majores
2034 2829 2204 2883 nostri
2221 2870 2236 2893 ‚
2256 2849 2342 2883 re·

1319 2909 1499 2979 gulam
1520 2908 1908 2963 fabricaverunt
1924 2928 1937 2962 :
1953 2909 2011 2962 in
2024 2910 2174 2979 cujus
2184 2908 2345 2962 latere

1319 2987 1524 3059 virgula
1548 2989 1858 3059 prominens
1876 2986 1945 3042 ad
1975 3007 2091 3041 eam
2114 2986 2347 3042 altitudi-

1318 3084 1471 3133 nem,
1490 3085 1596 3139 qua
1616 3066 1845 3139 deprimi
1870 3068 2075 3121 sulcum
2100 3080 2311 3139 oportet
2330 3108 2347 3133 ,

1321 3147 1587 3217 contingit
1604 3166 1865 3201 summam
1886 3148 1931 3200 ri
1941 3166 2019 3217 pae
2038 3160 2263 3217 partem.
2281 3146 2347 3199 Id

1321 3244 1487 3297 genus
1531 3245 1789 3281 mensure
1839 3225 2100 3281 ciconiam
2155 3240 2348 3281 vocant

1321 3305 1526 3359 rustici.
1546 3331 1569 3353 ι
1604 3306 1786 3360 Hsnn.

1408 3384 1500 3440 35.
1530 3384 1757 3439 scamna.
1780 3384 2103 3451 Columella,
2129 3385 2227 3439 lib.
2254 3386 2310 3437 11
2327 3421 2346 3449 ,

1325 3482 1442 3537 cap.
1469 3484 1498 3517 ι
1521 3483 1536 3519 t
1557 3492 1581 3515 e
1598 3466 1713 3519 Nec
1731 3466 1824 3519 ubi
1847 3464 2073 3519 crudum
2100 3466 2271 3519 solum
2295 3479 2349 3519 et

1326 3544 1609 3598 immotum
1622 3544 1887 3618 relinqunt
1899 3584 1917 3611 ,
1941 3542 2089 3616 quod
2109 3544 2351 3617 agricoloe

1327 3642 1601 3679 scamnum
1624 3636 1830 3678 vocant.
1846 3624 1953 3677 »Et
1977 3624 2013 3677 l.
2036 3624 2148 3689 111,
2170 3644 2216 3679 c.
2246 3644 2267 3678 1
2285 3625 2346 3678 3:

1337 3730 1360 3751 ι
1381 3704 1496 3757 Nec
1528 3706 1622 3759 ubi
1666 3723 1875 3760 scamna
1922 3704 2233 3759 emittantur
2252 3744 2267 3770 ,
2297 3716 2351 3757 et

1329 3782 1476 3856 quod
1499 3798 1576 3839 est
1601 3785 1795 3839 durum
1818 3784 2039 3837 summis
2062 3784 2228 3856 glebis
2252 3784 2350 3835 ob-

1331 3877 1556 3934 tegatur.
1589 3892 1612 3913 ·
1650 3866 1872 3919 Scsmna
1891 3864 2072 3918 rustici
2094 3864 2151 3917 in
2181 3861 2353 3917 Gallia

1331 3958 1530 3998 vocant
1552 3946 1635 3997 des
1660 3952 1847 4008 venus,
1894 3944 1976 3997 des
1999 3944 2177 3996 barres.
2208 3942 2279 3996 Η.

1416 4026 1508 4079 36.
1556 4026 1683 4095 Qaoe
1716 4027 1962 4095 interjacet
1988 4022 2190 4094 pulvini.
2222 4021 2351 4092 Agri

1338 4105 1512 4159 effossi
1548 4118 1603 4157 et
1640 4103 1885 4177 pastinati
1923 4120 2039 4174 quae
2066 4120 2187 4173 pars
2216 4100 2355 4153 inter

1338 4186 1547 4239 scrobes
1573 4184 1859 4254 interjacet.
1884 4180 2063 4234 Eun.
