3150 5150
956 523 1278 620 LIBER
1327 552 1627 621 xv111.

2218 546 2358 621 283

218 682 515 779 solisque
550 696 773 753 motus
815 706 1025 778 prope
1067 682 1538 779 inexplicabilis
1573 683 1743 754 ratio
1778 698 1897 752 est.
1947 680 2052 750 Ad
2092 704 2359 752 cccnxv

218 790 555 884 adjiciunt
601 790 966 860 etiamnum
1029 788 1481 862 intercalarios
1504 790 1521 815 ¹
1590 791 1717 860 diei
1795 789 2136 883 noctisque
2199 812 2358 883 qua-

219 897 518 968 drantes.
560 899 665 966 Ita
703 895 815 980 fit,
858 911 936 966 ut
976 895 1147 966 tradi
1187 921 1323 967 nou
1368 899 1627 993 possint
1659 910 1842 966 certa
1869 895 2161 965 siderum
2202 909 2365 964 tem-

219 1028 422 1098 pora.
474 1001 751 1073 Accedit
790 1001 1090 1073 confessa
1133 1028 1351 1074 rerum
1392 999 1808 1089 obscuritas,
1860 1026 2040 1071 nunc
2079 1025 2366 1096 praecur·

222 1108 504 1193 rentess
547 1133 670 1178 nec
694 1110 930 1203 paucis
972 1109 1203 1181 diebus
1215 1124 1726 1206 ‚tempestatum
1759 1058 2165 1237 significatu-3
2192 1107 2368 1202 quod

223 1217 633 1312 προχείμασιν
664 1217 882 1286 Graeci
914 1230 1199 1286 vocant:
1236 1241 1416 1286 nunc
1441 1217 1921 1312 postveniente,
1944 1197 2165 1308 quod'
2140 1214 2371 1305 επιχεί-

225 1348 464 1415 μασινε
507 1334 574 1390 et
604 1319 996 1416 plerumque
1030 1320 1191 1392 alias
1224 1325 1450 1409 citius,
1476 1322 1637 1393 alias
1671 1321 1920 1392 tardius
1953 1320 2094 1391 caeli
2131 1320 2374 1389 effectu

225 1429 323 1499 ad
359 1444 605 1499 terram
639 1426 968 1499 deciduo:
1006 1427 1208 1524 vulgo
1246 1415 1638 1500 serenitate³
1673 1428 1962 1514 reddita,
1998 1426 2376 1496 confectum

227 1535 428 1606 sidus
454 1532 779 1604 audimus,
816 1538 1142 1605 Praeterea
1174 1561 1382 1630 quum
1419 1538 1643 1606 omnia
1677 1536 1821 1605 baec
1848 1534 2032 1603 statis
2059 1532 2381 1602 sideribus
2421 1576 2448 1607 2

229 1640 540 1735 caeloque
594 1639 809 1710 affixis
871 1654 1211 1729 constent,
1282 1645 1734 1712 interveniunt
1797 1655 1986 1709 motu
2048 1638 2384 1709 stellarum

234 1732 655 1843 grandines⁴,
691 1747 977 1833 imbra,
1002 1762 1067 1817 et
1096 1749 1220 1865 ipsi
1248 1774 1385 1818 non
1413 1747 1542 1817 levi
1564 1748 1846 1834 effectu,
1873 1732 1981 1815 ut⁵
2007 1746 2388 1829 docuimus,

235 1854 656 1947 turbantque
685 1866 1024 1948 concepta}
1050 1854 1186 1949 spei
1218 1854 1539 1924 ordinem.
1573 1854 1782 1948 quue
1803 1879 1888 1922 ne
1910 1852 2102 1921 nobis
2128 1867 2388 1922 tantum

229 1976 561 2055 putemus
578 1958 913 2045 accidere,
933 1974 1000 2029 et
1019 1959 1269 2055 reliqua
1296 1959 1466 2031 fallit
1493 1959 1799 2031 animalia
1830 1945 2200 2054 sagaciora⁶
2216 1961 2387 2028 circa

228 2148 292 2187 et
320 2134 451 2187 libri
476 2149 599 2188 ante
626 2133 793 2188 Hard.
820 2132 967 2188 editi.
996 2133 1268 2188 Broterius

228 2233 303 2267 ex
332 2212 498 2268 codd.
518 2216 683 2285 Regg.
711 2232 734 2266 1
762 2226 817 2267 et
848 2233 875 2265 2
896 2253 913 2278 ,
950 2226 1003 2266 et
1032 2212 1270 2267 ‘editione

229 2314 330 2364 pr.
355 2294 450 2346 sed
470 2294 834 2365 contemplanda
862 2304 959 2346 tam
975 2332 993 2357 ,
1014 2306 1110 2347 etc.
1137 2295 1241 2348 En.

322 2375 501 2428 LVII.
536 2391 585 2428 1.
633 2373 990 2428 lneemalarios.
1033 2374 1159 2427 Dies
1187 2375 1272 2427 in·

232 2453 556 2507 tercalarius
583 2453 627 2506 is
652 2467 763 2518 est,
801 2452 894 2524 qui
927 2465 1119 2524 quarto
1159 2452 1273 2506 cui-

232 2552 352 2606 que
379 2553 524 2587 anno
568 2534 795 2588 vertenti
834 2534 1049 2587 accessit
1073 2573 1090 2601 ‚
1115 2551 1275 2605 quem

232 2633 335 2667 sex
356 2614 512 2668 horn
529 2612 849 2685 appendices
875 2627 1061 2685 quater
1084 2612 1276 2680 ducta,

235 2694 356 2747 hoe
384 2707 466 2747 est
483 2732 502 2759 ‚
536 2693 643 2746 diei
678 2694 836 2747 unius
860 2693 1155 2765 quadrans,
1183 2713 1279 2747 seu

235 2786 445 2846 quarta
487 2791 611 2844 pars
646 2787 834 2846 quater
870 2774 1093 2846 repetita
1126 2774 1279 2827 colli·

244 2855 351 2926 git.
380 2851 565 2907 Han.

339 2953 394 2987 a.
437 2933 584 2986 Nunc
612 2946 953 3004 praem-rente.
991 2932 1147 2986 Nunc
1170 2950 1282 2985 ma-

241 3012 430 3067 mrim
455 3025 511 3065 et
548 3025 670 3067 ante
696 3012 775 3065 sui
811 3011 999 3066 sideris
1038 3025 1247 3084 tempus
1266 3049 1285 3077 ,

244 3105 508 3146 ortumve
536 3104 587 3145 et
599 3110 843 3146 occasum
855 3133 871 3156 ‚
886 3092 1112 3146 hiberna
1128 3130 1144 3157 ,
1157 3091 1288 3146 osti-

244 3189 433 3244 nque
446 3209 464 3234 ‚
482 3189 546 3228 nc
567 3185 765 3227 cetero
783 3170 978 3226 deinde
1009 3184 1289 3242 tempesta·

245 3266 338 3306 tes
384 3263 805 3306 anteveneruntt
844 3251 903 3305 id
941 3250 1088 3323 quod
1113 3251 1287 3305 Greci

246 3332 589 3402 κροχιίμασιν
622 3351 637 3384 =
664 3348 809 3385 nunc
846 3332 1047 3385 tardius
1089 3329 1289 3384 eaedem

247 3412 369 3465 alio
397 3429 543 3464 anno
578 3425 887 3473 recurrunt,
922 3410 1069 3484 quod
1105 3411 1290 3478 ἰπιχιί-

248 3511 417 3563 μασιν
437 3530 454 3555 ,
492 3492 577 3544 vel
607 3504 666 3544 ut
688 3491 778 3544 alii
817 3491 1175 3561 μεταχιίμασιν
1199 3508 1292 3543 vo·

248 3584 402 3625 eant.
432 3570 649 3634 Festus,
675 3571 967 3625 Paulusve:
998 3597 1021 3619 ι
1038 3568 1293 3624 Praeside·

248 3669 383 3705 rnre
400 3648 601 3703 dicitnr
617 3688 633 3715 ‚
655 3669 820 3721 quum
843 3650 1101 3705 maturius
1116 3649 1295 3703 hiber-

250 3749 333 3783 na
361 3743 648 3801 tempestas
683 3742 962 3793 movetur,
993 3730 1142 3801 quasi
1173 3742 1295 3782 ante

250 3809 460 3863 sideris
482 3823 708 3881 tempus.
732 3835 755 3857 n
777 3811 1056 3881 Vegetius,
1080 3810 1173 3861 lib.
1192 3810 1291 3869 lv,

250 3908 386 3960 cap.
441 3895 512 3953 40
542 3905 558 3945 :
588 3890 738 3943 «Aut
788 3891 931 3942 enim
972 3891 1111 3943 circa
1150 3887 1295 3941 diem

254 3980 527 4023 statutum
552 4007 569 4034 ,
607 3981 698 4023 aut
742 3983 893 4034 ante,
935 3970 1017 4021 vel
1071 3982 1251 4040 postea
1275 4005 1291 4029 ,

256 4060 608 4120 tempestates
646 4049 785 4114 fieri,
826 4061 1155 4119 compertum
1183 4060 1296 4124 est}

260 4127 418 4182 unde
444 4127 798 4200 procedentes
810 4168 824 4191 ,
847 4129 1193 4200 προχιῖμασινε
1209 4147 1299 4181 na·

260 4220 478 4262 scentes
519 4206 608 4262 die
654 4209 907 4273 solemni,
945 4210 1293 4277 ἐπιχιῖμασινε

1364 2138 1746 2209 subsequentes
1790 2135 2148 2208 μιταχείμασιν
2168 2176 2183 2199 ,
2219 2154 2391 2206 greco

1363 2217 1630 2270 vocabulo
1651 2228 2111 2286 nuncupaverunt.
2129 2241 2152 2262 ι
2173 2215 2392 2286 Elegan-

1365 2308 1449 2349 ter
1489 2297 1818 2357 Columella,
1859 2296 1914 2347 in
1955 2293 2109 2348 Praef.
2155 2321 2179 2342 ι
2206 2295 2392 2366 Neque

1365 2376 1511 2432 enim
1556 2393 1764 2447 semper
1815 2373 2060 2428 eumdem
2105 2374 2291 2429 celum
2341 2387 2393 2427 et

1366 2475 1534 2509 annus
1555 2457 1699 2509 velut
1722 2475 1786 2508 ex
1813 2456 2117 2525 praescripto
2149 2453 2391 2508 habitum

1367 2548 1558 2608 gerunt
1585 2555 1598 2588 ι
1625 2554 1723 2589 nec
1753 2534 2001 2587 omnibus
2027 2534 2177 2587 annis
2206 2533 2392 2588 eodem

1367 2617 1521 2669 vultu
1533 2617 1682 2669 venit
1697 2627 1866 2680 aestas,
1876 2627 1967 2668 aut
1976 2614 2165 2679 biems,
2182 2627 2280 2668 etc.
2293 2616 2393 2667 ull.
2475 2610 2478 2619 ’

1453 2697 1506 2750 3.
1545 2697 1709 2766 Vulgo
1743 2697 2012 2747 serenitate.
2053 2695 2236 2760 Quum
2262 2713 2293 2747 a
2328 2694 2397 2746 si·

1370 2774 1587 2829 det-ibus
1633 2775 1766 2828 oriri
1819 2785 2150 2844 tempestates
2207 2775 2398 2846 vulgus

1253 2883 1257 2889 ·
1372 2855 1668 2919 existimet,
1711 2854 1804 2908 ubi
1855 2854 1937 2906 bo
1980 2853 2319 2923 praeteriere,
2346 2865 2400 2906 et

1374 2953 1466 2987 sua
1492 2935 1624 2989 caelo
1653 2933 1857 2987 reddita
1881 2935 2130 2986 serenitas
2149 2945 2227 2986 est
2242 2972 2258 2997 ,
2273 2945 2399 2986 tunc

1377 3013 1522 3067 sidus
1546 3015 1850 3068 confectum
1879 3010 2090 3065 dicitnr.
2109 3010 2292 3063 Hsnn.

1461 3101 1512 3158 4.
1523 3095 1846 3147 Interveniunt
1859 3103 1987 3143 motu
1999 3093 2242 3144 stellarum
2254 3112 2401 3162 gran·

1377 3174 1527 3227 dines.
1555 3176 1698 3244 Lege
1717 3211 1734 3236 ‚
1768 3195 1791 3217 ι
1813 3172 2183 3225 Interveniunt
2229 3185 2404 3224 motus

1377 3253 1680 3317 stellarum,
1721 3249 2039 3323 grandinum
2061 3290 2077 3314 ,
2105 3250 2362 3304 imbrium
2385 3290 2401 3314 ,

1381 3345 1433 3385 et
1463 3333 1565 3403 ipsi
1599 3351 1710 3386 non
1737 3331 1840 3385 levi
1872 3331 2079 3384 effectu.
2104 3356 2127 3377 ι
2165 3331 2403 3383 Interve-

1379 3413 1538 3465 niunt
1565 3424 1743 3466 motus
1774 3411 2073 3475 stellarum,
2105 3410 2203 3480 qui
2227 3422 2281 3462 et
2304 3410 2402 3481 ipsi

1382 3511 1491 3545 non
1512 3491 1685 3545 levem
1704 3492 1952 3545 effectum
1975 3490 2174 3544 habent
2198 3487 2406 3561 grandi-

1385 3589 1515 3624 num
1544 3584 1598 3625 et
1624 3570 1881 3625 imbrium
1915 3591 1929 3623 τ
1952 3588 2077 3623 nam
2116 3570 2243 3623 licet
2270 3567 2407 3621 side-

1385 3669 1505 3704 rum
1521 3665 1696 3705 motus
1713 3653 1916 3721 majore
1934 3651 2128 3704 effectu
2149 3649 2253 3702 sint
2268 3687 2284 3714 ,
2298 3669 2407 3702 non

1387 3730 1489 3783 levi
1533 3743 1708 3784 tamen
1753 3743 1806 3784 et
1839 3730 1944 3801 ipsi
1987 3743 2108 3784 sunt
2140 3729 2406 3782 stellarum

1387 3822 1599 3875 motus,
1644 3811 1700 3863 in
1739 3809 2029 3863 excitandis
2068 3808 2330 3862 imbribus
2359 3822 2409 3860 et

1386 3888 1755 3961 grandinibus.
1779 3893 1949 3944 Sam.

1472 3970 1521 4023 5.
1558 3971 1630 4023 Ut
1642 3973 1901 4024 docuimus.
1931 3969 2051 4021 Lib.
2079 3968 2238 4019 XVII

1396 4071 1446 4101 a.
1481 4050 1664 4103 Rutu.

1468 4135 1519 4182 6.
1534 4128 1818 4200 Sagaciora.
1836 4131 1898 4181 In
1923 4147 1986 4181 eo
2003 4126 2413 4199 praesettsionum

1390 4227 1581 4278 genere
1609 4210 1806 4281 alioqui
1848 4208 2186 4278 sagacissima.
2236 4206 2413 4261 Ham).

2257 4008 2271 4032 ,
2297 3986 2413 4038 cap.
