3150 5150
797 485 890 580 78
1319 485 1396 551 C.
1457 483 1796 552 PLINIl
1854 483 2067 552 NAT.
2128 487 2387 553 HIST.

779 629 859 685 ‘et
895 631 1146 685 stercus
1189 613 1433 684 addito.
1488 616 1626 703 Qui
1666 602 2018 684 olivetum⁸
2082 619 2434 711 saepissime
2484 631 2552 686 et
2609 616 2923 689 altissime

793 723 1125 806 miscebit,
1177 724 1230 790 is
1273 722 1691 790 tenuissimas
1728 719 1979 792 radices
2020 722 2331 791 exarabit.
2380 722 2661 793 Radices
2696 727 2751 793 si
2781 751 2921 794 sur·

795 825 1246 898 sum'abibunt
1264 879 1283 910 ,
1313 829 1665 897 crassiores
1694 828 1889 915 fient,
1930 842 1998 896 et
2025 853 2104 897 eo
2124 827 2149 866 ⁹
2187 830 2255 896 in
2284 827 2538 899 radices
2564 832 2738 900 vires
2766 831 2925 901 oleae

793 935 1086 1003 abibunt.

898 1042 1067 1129 Quae
1101 1063 1342 1133 genera
1380 1038 1709 1124 olearum,
1752 1039 1856 1108 vel
1894 1042 1963 1108 in
2001 1066 2135 1134 quo
2180 1066 2418 1134 genere
2461 1057 2656 1113 terrae
2694 1046 2924 1114 vivere

791 1162 858 1216 et
897 1149 1024 1216 seri
1058 1146 1343 1216 debeant
1371 1197 1390 1228 ‚
1429 1170 1695 1240 quoque
1728 1162 2027 1241 spectare
2060 1145 2299 1216 oliveta
2320 1201 2340 1234 ‚
2384 1148 2669 1218 diximus
2702 1152 2775 1218 in
2806 1175 2919 1218 ra-

793 1256 972 1323 tione
1001 1252 1128 1322 olei
1147 1251 1216 1320 ¹⁰.
1258 1251 1514 1346 Mago¹¹
1553 1254 1621 1320 in
1654 1250 1821 1322 colle
1852 1268 1922 1321 et
1956 1255 2179 1339 siccis,
2212 1268 2279 1322 et
2307 1253 2571 1348 argilla,
2602 1257 2779 1324 inter
2806 1281 2918 1324 au-

790 1374 1095 1429 tumnum
1125 1374 1193 1428 et
1215 1359 1516 1428 brumam
1551 1361 1679 1428 seri
1699 1359 1909 1451 jussit.
1934 1362 2013 1428 In
2041 1384 2265 1429 crasso
2300 1374 2415 1429 aut
2441 1360 2721 1430 humido
2745 1415 2764 1448 ,
2806 1377 2918 1432 aut

792 1465 1145 1559 subriguo,
1209 1489 1248 1532 a
1296 1487 1507 1534 messe
1564 1465 1649 1532 ad
1692 1465 2019 1534 brumam.
2079 1465 2280 1554 Quod
2326 1469 2717 1561 praecepisse
2770 1493 2917 1537 eum

791 1572 1032 1640 Africae
1070 1569 1473 1664 intelligitur.
1507 1569 1699 1640 Italia
1728 1570 1993 1665 quidem
2020 1596 2200 1640 nunc
2233 1596 2389 1640 vere
2416 1575 2703 1643 maxime
2740 1577 2917 1642 serit.

791 1678 921 1749 sed
951 1678 1004 1746 si
1039 1692 1104 1746 et
1140 1691 1462 1767 autumno
1496 1676 1734 1762 libeat,
1768 1692 1917 1770 post
1945 1679 2408 1772 aequinoctium
2440 1703 2534 1748 XL
2564 1679 2802 1750 diebus
2838 1681 2915 1748 ad

787 1781 1229 1878 Vergiliarum
1267 1807 1612 1868 occasum,
1648 1798 1934 1877 quatuor
1970 1783 2090 1854 soli
2125 1784 2262 1853 dies
2296 1799 2484 1870 sunt,
2514 1786 2763 1878 quibus
2794 1789 2915 1856 seri

788 1887 1080 1960 noceat¹²
1087 1888 1382 1958 ‚Africae
1419 1837 1751 1984 peculiare
1777 1890 2089 2022 quidem
2070 1915 2140 1959 ιιι
2174 1888 2455 1959 oleastro
2482 1906 2583 1960 est
2605 1893 2914 1961 inserere.

787 1943 1102 2088 Quadam·
1109 1997 1472 2066 aeternitate
1489 1995 1993 2066 consenescunt¹
2000 1981 2341 2093 ³proxima
2368 1996 2737 2126 adoptioni¹
2716 1985 2769 2029 ¹⁴
2790 2001 2911 2068 vir·

787 2128 870 2198 ga
897 2105 1168 2183 emissa,
1207 2117 1403 2197 atque
1431 2103 1524 2170 ita
1551 2101 1681 2171 alia
1707 2103 1945 2172 arbore
1982 2127 2064 2171 ex
2088 2089 2389 2172 eadem¹⁵
2405 2103 2910 2196 juvenescente:

867 2293 920 2345 8.
953 2291 1056 2360 Qui
1078 2287 1312 2340 olintum.
1342 2287 1503 2351 Cato,
1536 2305 1653 2358 cap.
1678 2305 1799 2339 mu:
1896 2284 2359 2357 «cimus-gilius
2371 2284 2593 2357 quidem
2606 2287 2911 2355 pluet-estu·

795 2395 818 2418 ι
847 2370 957 2436 Qui
983 2368 1240 2422 olivetum
1267 2365 1554 2436 saepissime
1579 2377 1633 2418 et
1661 2365 1803 2419 altis·
1892 2366 2011 2436 quit
2028 2403 2044 2430 ‚
2066 2365 2490 2420 inimicissimum
2529 2365 2656 2419 vitis
2684 2379 2739 2419 et
2764 2367 2913 2428 olea,

787 2451 918 2502 sime
963 2447 1231 2511 miscebit,
1275 2445 1322 2499 ie
1360 2445 1689 2498 tenuissimas
1724 2463 1807 2498 rn-
1893 2445 2146 2515 quoniam
2158 2457 2287 2498 tunc
2297 2445 2467 2498 coitus
2484 2459 2791 2499 estearum.
2777 2464 2792 2477 ·
2818 2447 2913 2499 hoc

788 2523 934 2583 dices
949 2527 1200 2582 exarabit.
1237 2525 1293 2579 Si
1322 2525 1459 2579 male
1483 2525 1651 2579 arabit
1667 2565 1682 2588 ,
1718 2544 1803 2579 ra·
1893 2537 1973 2579 est
1994 2523 2127 2579 illud
2144 2523 2489 2597 quatriduum
2516 2525 2651 2578 oleis
2678 2524 2913 2579 decreto

788 2607 936 2663 dices
981 2626 1186 2661 sursum
1231 2606 1483 2667 abibunt,
1527 2605 1807 2657 crassiores
1894 2606 2064 2696 rium,
2093 2618 2242 2659 etc.»
2279 2606 2349 2659 Et
2371 2604 2468 2657 lib.
2492 2604 2789 2670 xvn1,c.
2812 2610 2911 2675 69,

789 2689 948 2749 fient,
977 2699 1030 2740 et
1057 2687 1114 2739 in
1146 2684 1346 2739 radices
1373 2684 1510 2737 vires
1535 2684 1665 2737 oleae
1692 2685 1807 2737 nbi·
1894 2683 2066 2737 illud·
2050 2703 2226 2754 ipsum
2244 2697 2610 2755 argumentum
2636 2700 2913 2757 persequu-

791 2758 942 2822 bunt.
965 2784 989 2809 υ
1011 2767 1196 2820 Han.
1895 2777 1979 2816 tus
2010 2781 2024 2816 :
2064 2762 2272 2817 «Aliud
2312 2764 2446 2827 hoc,
2471 2764 2687 2835 inquit,
2716 2767 2911 2836 quatri·

871 2868 926 2918 9.
949 2848 1104 2900 Eeeo.
1120 2848 1189 2899 Et
1201 2862 1262 2897 ea
1278 2844 1433 2907 re,ob
1449 2860 1560 2895 eam
1575 2860 1709 2896 rem.
1732 2843 1802 2896 Η.
1892 2842 2061 2895 duum
2083 2856 2181 2896 est.
2198 2884 2213 2898 .
2231 2884 2244 2897 .
2268 2842 2567 2897 decretorio
2596 2842 2689 2897 die
2722 2844 2909 2899 floren·

876 2946 960 2981 ιο.
1003 2926 1228 2977 Diximus
1257 2927 1306 2975 in
1332 2926 1515 2975 ratione
1535 2923 1646 2975 olei·
1684 2923 1803 2977 Lib.
1891 2922 2033 2975 tibus
2059 2922 2220 2987 oleis,
2239 2924 2570 2994 vitibusque,
2590 2936 2696 2977 etc.
2722 2949 2746 2972 ι
2770 2924 2837 2976 Η.

789 3008 916 3072 XV,
941 3025 1058 3078 cap.
1088 3010 1142 3060 6.
1167 3006 1350 3057 num.
1993 3022 2014 3055 1
2030 3000 2081 3055 3.
2142 3004 2369 3074 Quadam
2401 3042 2415 3055 .
2432 3042 2446 3055 .
2464 3042 2477 3054 .
2497 3041 2511 3053 .
2562 3018 2904 3057 consenescunt.

875 3107 897 3141 1
915 3106 965 3141 1.
995 3086 1170 3155 Mago.
1199 3084 1268 3136 Et
1295 3096 1561 3153 postetam
1584 3082 1800 3135 Colum.
1892 3086 2113 3137 AEterno
2128 3082 2237 3135 fere
2254 3102 2367 3136 avo
2386 3082 2517 3135 oleae
2537 3081 2769 3147 durant,
2789 3103 2909 3155 quo·

788 3165 856 3221 de
883 3168 1010 3221 Arb.
1034 3184 1084 3219 c.
1116 3183 1204 3235 17,
1232 3162 1300 3216 de
1320 3162 1556 3234 olivetis..
1578 3162 1671 3216 ubi
1694 3162 1803 3214 Ma·
1890 3162 2037 3215 niam
2064 3163 2237 3234 virgas
2278 3180 2370 3215 seu
2400 3161 2633 3215 stolones
2666 3164 2909 3217 emittunt

785 3266 976 3318 gonem
1011 3244 1203 3299 laudat.
1241 3244 1422 3297 ΗΛιιι).
1891 3242 2196 3313 quotannis,
2213 3242 2306 3313 qui
2318 3242 2419 3294 seri
2442 3242 2549 3294 alio
2568 3254 2621 3295 et
2638 3242 2905 3295 transferri

879 3344 960 3380 ια.
999 3328 1224 3397 Quacum·
1251 3324 1344 3375 soli
1367 3324 1469 3375 dies
1487 3362 1502 3385 ,
1527 3322 1696 3393 quibus
1712 3325 1807 3373 seri
1891 3322 2110 3391 pouint.
2140 3322 2313 3374 Simili
2342 3321 2601 3374 sententia
2627 3322 2905 3375 Columell.

789 3418 972 3458 noceat.
1007 3405 1162 3459 Olea·
1201 3402 1474 3455 nimirum.
1501 3400 1607 3454 Sed
1640 3420 1803 3474 quum
1890 3401 1988 3455 lib.
2009 3402 2107 3463 IV,
2140 3420 2270 3471 cap.¹
2294 3420 2353 3467 17
2384 3420 2399 3451 t
2427 3401 2657 3471 «Neque
2680 3402 2822 3455 enim
2850 3420 2907 3454 ea

789 3485 844 3538 in
861 3484 1012 3538 libris
1037 3484 1146 3537 fere
1159 3482 1406 3536 omuibus
1423 3483 1647 3552 legatur,
1664 3481 1819 3533 XIV
1893 3500 2009 3552 quae
2043 3493 2293 3533 seruntur
2326 3499 2357 3533 a
2400 3480 2555 3532 nobis
2592 3480 2905 3535 immortalia

788 3565 880 3617 soli
902 3564 1004 3615 dies
1033 3576 1174 3623 sune,
1207 3563 1442 3616 evenisse
1468 3559 1526 3613 id
1559 3561 1803 3615 librario·
1893 3572 2263 3632 essepoaeunt:
2282 3572 2510 3613 attamen
2529 3562 2813 3615 etei-nitati
2830 3580 2909 3614 eo·

788 3662 912 3697 rum
935 3643 1136 3696 incuria
1168 3639 1316 3697 hand
1341 3654 1536 3693 temere
1571 3642 1805 3711 suspica·
1890 3660 2013 3693 rum
2031 3640 2107 3693 sic
2132 3640 2487 3703 consulimus,
2502 3651 2565 3693 ut
2585 3639 2657 3693 de
2684 3642 2899 3695 moi-tuis

789 3743 941 3787 mur,
962 3722 1054 3795 qui
1085 3742 1184 3791 pro
1212 3732 1418 3790 quatuor
1444 3719 1668 3788 legerint
1688 3740 1805 3790 qua·
1890 3718 2181 3773 seminibus
2193 3719 2295 3772 alia
2306 3719 2901 3787 substituamus‚ete.·H.

788 3803 1060 3855 tuoe-decim.
1077 3802 1190 3853 Nee
1207 3800 1413 3853 felicior
1433 3798 1661 3851 Pintiani
1682 3818 1806 3851 con·
1980 3818 2002 3852 1
2016 3806 2066 3862 4.
2105 3799 2389 3870 Adoptioni.
2420 3800 2505 3853 Sic
2530 3818 2599 3853 ex
2624 3801 2777 3854 MSS.
2806 3820 2898 3855 em.

782 3888 1012 3957 jectum,
1022 3881 1116 3954 qui
1137 3878 1412 3933 levissimis
1435 3876 1627 3930 ductus
1648 3896 1805 3949 argu·
1893 3876 2063 3931 Hard.
2091 3878 2260 3932 Gron.
2288 3891 2340 3931 et
2366 3878 2450 3930 Al.
2476 3880 2747 3949 adoptione.
2776 3880 2873 3933 En.

785 3964 1000 4027 mentis,
1030 3963 1086 4013 V
1081 3960 1172 4015 111
1189 3960 1282 4012 soli
1311 3958 1412 4009 dies
1441 3958 1601 4011 scribi
1626 3970 1805 4013 censet
1979 3957 2071 4012 1⁵.
2100 3961 2267 4030 Atque
2306 3962 2377 4011 ita
2403 3958 2505 4009 alia
2535 3959 2709 4010 arbom
2731 3980 2789 4011 es
2822 3980 2901 4010 ea·

782 4057 1049 4115 oportere.
1089 4040 1298 4122 Detegit
1333 4050 1683 4108 utrorumque
1722 4056 1801 4091 er·
1888 4038 1995 4089 dem
2026 4040 2368 4109 jucenescente.
2404 4038 2594 4090 Scribo
2620 4042 2899 4101 virescente,

779 4142 956 4178 rorem
980 4124 1092 4194 ipse
1115 4104 1348 4185 Plinius,
1368 4136 1486 4189 cap.
1509 4140 1536 4173 2
1559 4119 1673 4190 huj.
1704 4118 1797 4171 lib.
1889 4135 1995 4169 non
2034 4120 2391 4187 juvenescente,
2432 4135 2495 4170 ex
2528 4130 2702 4171 vetere
2732 4136 2896 4171 exem·
