3150 5150
736 498 836 572 36
1257 501 1754 572 (21³1.an
1806 501 2027 572 NAT.
2062 500 2350 570 HIST.

738 633 995 728 puteis,
1037 655 1154 700 ore
1187 619 1614 726 angustatis¹⁴
1642 617 1936 702 :·intus¹⁵
1942 646 2059 716 ‚ut
2094 633 2167 700 in
2198 629 2507 718 metallis,
2540 632 2865 727 spatiante

738 763 929 808 vena.
958 741 1102 808 Hac
1125 739 1408 806 maxime
1429 738 1771 808 Britannia
1806 739 2055 809 utitur:
2081 723 2388 812 durant¹⁶
2416 739 2605 808 annis
2632 763 2859 810 Lxxx·
2842 793 2862 825 ,

743 868 958 938 neque
1007 858 1109 914 est
1155 841 1528 938 exemplum
1569 842 1767 914 ullius
1810 845 1924 938 qui
1974 843 2077 915 bis
2126 844 2196 913 in
2255 846 2391 913 vita
2428 844 2605 914 hane
2644 845 2861 916 eidem

739 950 1052 1044 injecerit.
1081 951 1374 1018 Tertium
1406 974 1615 1043 genus
1644 950 1971 1037 candidae,
2000 945 2566 1044 glissomargam¹⁷
2594 967 2861 1028 vocant.

741 1059 865 1126 Est
885 1070 1106 1125 autem
1135 1070 1314 1125 creta
1341 1042 1676 1126 fullonia¹3
1698 1058 1905 1126 mixta
1934 1055 2161 1150 pingui
2184 1070 2395 1143 terra,
2415 1055 2641 1150 pabuli
2660 1081 2864 1151 quam

741 1162 1008 1256 frugum
1040 1159 1350 1248 fertilior3
1393 1164 1483 1231 ita
1520 1175 1597 1230 ut
1630 1186 1840 1232 messe
1877 1161 2135 1231 sublata
2169 1175 2321 1232 ante
2364 1176 2727 1236 sementem
2762 1162 2859 1233 al-

671 1290 704 1344 5
740 1282 950 1338 teram
994 1266 1398 1338 laetissimum
1449 1267 1773 1337 secetur-¹⁹
1776 1321 1799 1350 .
1840 1270 2022 1338 Dum
2075 1268 2144 1335 in
2187 1267 2379 1363 fruge
2420 1282 2551 1352 est,
2605 1267 2865 1344 nullum

738 1373 919 1444 aliud
932 1371 985 1398 '⁰
1015 1396 1288 1468 gramen
1323 1375 1580 1444 emittit.
1625 1377 1843 1443 Durat
1888 1399 2039 1443 xxx
2074 1375 2261 1443 annis
2305 1400 2322 1441 :
2372 1373 2636 1443 densior
2679 1375 2864 1468 justo

737 1481 989 1575 Signini
1021 1477 1282 1549 modo³¹
1311 1478 1679 1574 strangulat
1704 1479 1937 1549 solum.
1969 1478 2435 1550 Columbinam
2474 1477 2705 1549 Galliae
2736 1506 2861 1550 suo

732 1665 951 1724 gentum
989 1650 1213 1706 detrahi.
1248 1653 1489 1706 Utuntur
1519 1671 1581 1705 ea
1612 1652 1750 1705 sobri
1925 1669 2013 1722 19.
2033 1629 2352 1704 Loetissimum
2378 1662 2578 1703 secetur.
2604 1649 2701 1704 Gr.
2725 1664 2779 1704 et
2795 1652 2865 1704 al.

733 1732 1033 1803 argentarii,
1059 1731 1127 1785 ad
1144 1743 1388 1804 argentea
1403 1749 1526 1784 vasa
1550 1732 1755 1803 polien·
1840 1732 2148 1784 leduinum·
2168 1731 2273 1784 En.
2296 1732 2716 1783 —Loeaeissa'mum
2741 1751 2871 1782 sere·

735 1810 835 1889 da,
881 1822 943 1863 ut
985 1811 1230 1881 Tripoli,
1275 1829 1368 1864 seu
1415 1811 1751 1880 Tripolitana

735 1903 909 1952 terra,
936 1888 1003 1943 ad
1031 1909 1188 1944 aurea
1208 1907 1424 1944 aereave.
1455 1890 1645 1943 Hum.

823 1988 846 2022 ι
860 1975 912 2032 4.
967 1970 1163 2034 Parcis,
1195 1989 1288 2022 ore
1326 1971 1621 2040 angustatis.
1664 1969 1753 2024 Sic

735 2047 897 2102 editio
935 2049 1179 2120 princeps
1207 2049 1444 2120 aliaeque.
1482 2049 1757 2101 Broterius

735 2147 800 2182 ex
823 2127 976 2182 MSS.
1003 2129 1168 2200 Regg.
1205 2148 1227 2183 1
1273 2141 1327 2180 et
1357 2149 1384 2181 3
1404 2167 1420 2190 ,
1454 2130 1642 2198 putem
1673 2146 1755 2179 ore

736 2219 1042 2278 angustatur.
1077 2210 1180 2262 Eu.

823 2305 845 2339 1
860 2287 910 2340 5.
935 2288 1102 2350 Intus,
1129 2299 1226 2339 etc.
1253 2288 1408 2340 Intus
1429 2285 1756 2357 exspatiante

738 2368 972 2431 fossura,
1015 2379 1074 2420 ut
1112 2365 1167 2417 in
1207 2363 1403 2418 fodinis
1445 2365 1755 2430 metallicis,
1739 2382 1753 2398 ·

737 2463 963 2517 quarum
991 2463 1052 2496 os
1076 2444 1278 2515 pariter
1303 2456 1609 2515 angustum,
1636 2446 1760 2498 sub·

737 2524 963 2579 terranei
995 2521 1194 2577 deinde
1224 2533 1425 2578 meatus
1453 2523 1759 2596 longissime

673 2627 682 2645 ·
741 2594 1118 2675 exspatiantur.
1147 2604 1332 2656 Hnm.

825 2687 918 2737 16.
951 2684 1165 2736 Dur-ant.
1191 2684 1272 2736 Ita
1307 2682 1635 2736 MSS.A1bn
1672 2684 1759 2737 ni-

742 2762 940 2815 mirum
979 2775 1136 2817 cretae
1173 2762 1413 2833 geminae.
1459 2762 1641 2817 fluo.
1677 2794 1759 2803 -

739 2842 977 2895 Gronov.
994 2854 1300 2913 veteresque
1314 2840 1464 2895 editt.
1479 2843 1641 2895 durat.
1655 2843 1757 2896 En.

826 2938 913 2991 17.
959 2916 1359 2991 Glissomargam.
1403 2920 1491 2976 Sic
1528 2921 1760 2975 restitui-

741 3019 860 3054 mus
886 3018 1002 3053 eam
1026 3018 1212 3054 vocem
1230 3040 1246 3064 ‚
1283 3018 1349 3054 ex
1374 2999 1481 3054 fide
1511 3000 1759 3055 codicum

718 3080 872 3151 .Reg.
917 3098 980 3143 1,
1024 3101 1089 3145 3,
1126 3080 1284 3133 Colb.
1331 3098 1394 3145 1,
1438 3101 1507 3141 3,
1550 3079 1611 3147 3,
1651 3081 1757 3134 Th.

743 3158 925 3214 Chiffl.
959 3160 1053 3213 etsi
1083 3159 1140 3213 in
1166 3158 1325 3225 editis
1357 3159 1759 3229 Glisckomargon

738 3239 950 3309 legitur,
971 3237 1117 3312 quod
1131 3256 1194 3293 ex
1208 3240 1432 3311 Anglieo
1454 3238 1645 3293 Gli-ster
1659 3240 1761 3292 rul-

740 3336 894 3388 gere,
938 3316 1134 3372 deduci
1176 3321 1400 3381 volunt,
1435 3319 1526 3390 qui
1567 3337 1761 3372 vocum

741 3397 973 3467 origines
1017 3410 1296 3452 sectantur.
1325 3399 1434 3451 Alii
1473 3418 1504 3451 a
1535 3400 1759 3468 γλὺσσων

743 3474 1042 3540 deducunt,
1061 3495 1220 3547 quam
1239 3494 1424 3530 voeem
1445 3477 1761 3549 Aristopha-

741 3575 836 3609 nes
868 3574 971 3627 pro
1007 3558 1318 3626 γλυιὺτιρος,
1355 3556 1570 3621 dulcior,
1610 3575 1763 3609 usur-

743 3635 921 3707 pavit:
945 3644 1006 3686 ut
1035 3634 1138 3688 hoc
1167 3652 1358 3707 margo
1383 3654 1550 3705 genus
1576 3634 1763 3689 videli-

743 3727 826 3768 cet
841 3754 857 3777 ,
910 3731 1034 3766 eum
1079 3712 1244 3766 altero
1284 3714 1533 3768 collatum
1547 3754 1564 3781 ,
1613 3714 1761 3787 quod

739 3810 1178 3864 aeannnmargam
1194 3794 1416 3848 Veteres
1434 3793 1636 3860 dixere,
1656 3796 1760 3849 hoc

743 3885 853 3936 est,
885 3872 1001 3925 sine
1032 3872 1412 3940 amaritudine,
1444 3874 1653 3929 dulcius
1693 3892 1757 3927 eo

743 3970 853 4005 esse
879 3951 1221 4023 intelligatur.
1248 3948 1434 4007 Haeo.

830 4034 916 4087 18.
953 4031 1103 4085 Creta
1117 4033 1353 4098 fullonia.
1385 4034 1538 4087 Creta
1566 4032 1682 4097 illa,
1704 4033 1755 4085 Ia

741 4122 905 4165 marne
925 4114 956 4165 ὰ
964 4112 1182 4177 foulom.
1211 4113 1379 4166 Bno’r.

1840 1823 1937 1864 tur.
1968 1811 2174 1882 Nempe
2194 1810 2471 1882 pabulum.
2504 1810 2685 1864 Hann-

1925 1909 2011 1943 30.
2038 1890 2245 1944 Nullum
2272 1889 2427 1942 aliud.
2453 1888 2688 1943 Gramen
2715 1886 2860 1941 alind

1837 1970 1983 2022 nasci
2010 1988 2120 2022 non
2147 1968 2289 2022 sinit.
2315 1970 2496 2022 Hum.

1923 2067 1951 2100 3
1965 2067 1987 2100 ι
2002 2089 2015 2100 .
2048 2047 2244 2118 Signini
2270 2049 2425 2100 mode.
2468 2047 2829 2116 Glissomarga
2847 2085 2864 2109 ,

1838 2127 2029 2198 inquit,
2044 2146 2211 2198 quum
2230 2126 2443 2180 densius
2460 2145 2621 2196 quam
2644 2144 2741 2196 par
2757 2137 2861 2186 est,

1839 2207 2033 2278 injecta
2054 2206 2232 2270 ruerit,
2255 2205 2464 2277 Signini
2484 2205 2661 2277 operis
2682 2202 2869 2271 modo,

1841 2286 2155 2356 strangulat,
2178 2286 2470 2340 consternit
2486 2323 2503 2350 ,
2526 2283 2871 2354 occluditqne

1840 2366 2011 2418 solnm
2029 2403 2047 2430 ,
2080 2378 2140 2418 nt
2168 2377 2307 2430 sata,
2332 2365 2497 2418 veluti
2528 2363 2867 2428 suffocatum,

1840 2442 1990 2498 haud
2009 2445 2261 2516 proferat.
2283 2445 2493 2516 Signini
2514 2443 2691 2515 o‘peris
2715 2443 2870 2514 pavi·

1843 2525 2113 2596 mentique
2152 2523 2379 2579 faciendi
2422 2523 2561 2577 ratio
2614 2541 2645 2574 a
2687 2521 2869 2577 Plinio

1844 2602 2100 2662 traditur,
2149 2604 2247 2659 lib.
2294 2604 2507 2657 XXXV
2525 2643 2542 2670 ,
2592 2620 2710 2674 cap.
2772 2602 2865 2667 48.

1842 2684 1999 2737 Prius
2035 2684 2326 2755 legebatur,
2360 2687 2538 2755 eymirti
2570 2682 2727 2737 modo.
2757 2682 2869 2752 Cy-

1843 2764 2053 2816 minum
2085 2782 2214 2817 vero
2244 2780 2439 2816 nocere
2464 2762 2579 2815 solo
2606 2778 2871 2833 nusquam

1842 2843 2019 2913 legere
2041 2861 2129 2895 me
2154 2841 2391 2895 memini.
2420 2841 2605 2913 Neque
2632 2859 2763 2895 vero
2785 2861 2873 2911 ey-

1846 2925 1963 2974 mim'
1984 2922 2183 2975 habent
2204 2921 2361 2975 MSS.
2386 2921 2483 2974 ulli
2502 2919 2712 2974 codices
2725 2918 2872 2986 ,sed,

1844 3001 1923 3056 nti
1942 3000 2244 3055 curavimus
2261 2998 2349 3053 edi
2367 3040 2383 3065 ,
2404 3000 2601 3070 Signini
2614 3039 2629 3064 ,
2651 3000 2785 3071 Reg.
2816 3017 2841 3051 1
2854 3036 2873 3061 ‚

1850 3102 1878 3135 3
1900 3121 1915 3146 ,
1946 3080 2101 3135 Colb.
2137 3098 2160 3133 1
2184 3117 2201 3144 ,
2232 3099 2259 3131 3
2281 3118 2298 3145 ,
2328 3080 2389 3145 3,
2414 3080 2518 3133 Th.
2546 3077 2725 3133 chiffl.
2758 3090 2867 3131 vet.

1844 3159 1961 3214 Dal.
1998 3158 2414 3231 Glissomargam
2448 3178 2573 3212 vero
2610 3170 2752 3211 recte
2789 3158 2871 3209 in·

1844 3240 2127 3311 telligimus
2141 3275 2156 3296 ‚
2182 3256 2349 3309 quum
2370 3238 2585 3293 densius
2603 3240 2748 3309 justo
2766 3237 2872 3289 im-

1848 3319 2099 3383 mittitur,
2126 3316 2293 3371 instar
2334 3317 2623 3389 pavimenti
2660 3316 2871 3387 Signini

1846 3416 1939 3453 sua
1979 3396 2239 3470 spissitate
2281 3397 2387 3451 hoe
2426 3398 2622 3451 afferre
2663 3396 2871 3449 incom-

1846 3476 2025 3542 modi,
2067 3474 2214 3548 qnod
2254 3476 2529 3548 Theophr.
2572 3474 2641 3529 de
2686 3475 2871 3529 Causs.

1846 3558 1939 3611 lib.
1974 3557 2088 3622 111,
2126 3575 2244 3626 cap.
2286 3576 2385 3621 3ο,
2412 3575 2468 3625 p.
2509 3555 2655 3625 393,
2698 3554 2872 3607 creari

1849 3648 2033 3689 monet
2058 3636 2125 3689 ab
2150 3635 2373 3690 humido
2400 3635 2697 3705 limosoque
2726 3634 2873 3699 solo,

1849 3734 2015 3787 quum
2034 3715 2276 3776 siccatur,
2302 3728 2363 3769 ut
2377 3714 2651 3769 commissa
2669 3714 2875 3767 semina

1846 3795 2067 3859 oblinat,
2089 3796 2453 3866 obstruatqne,
2468 3792 2601 3848 adeo
2622 3806 2682 3845 ιιι
2700 3804 2875 3845 nans·

1846 3872 2087 3928 mittendi
2150 3886 2465 3944 potestatem
2517 3872 2737 3926 adimat.
2787 3872 2875 3925 Si-

1843 3953 1995 4025 gnini
2016 3952 2193 4023 operis
2219 3952 2534 4007 densitatem
2552 3991 2571 4018 ,
2592 3964 2789 4023 prater
2812 3971 2876 4004 ea

1843 4052 1961 4104 quae
1989 4050 2171 4085 sumus
2186 4031 2316 4085 alibi
2347 4031 2580 4099 dicturi,
2608 4030 2743 4085 illud
2770 4032 2875 4091 Coe

1842 4112 2069 4165 lumellae
2114 4110 2317 4165 dictum
2365 4114 2539 4185 arguit
2580 4130 2644 4165 ex
2683 4111 2776 4167 lib.
2812 4112 2839 4165 1
2855 4148 2871 4174 ,
