3150 5150
781 430 878 500 80
1315 431 1394 496 C.
1453 429 1796 498 PLINII
1852 430 2064 498 NAT.
2124 430 2380 498 ms‘r.

777 564 934 632 dare
980 561 1200 632 radici.
1255 559 1669 632 circumfodi
1712 575 1931 630 autem
1974 562 2281 632 omnibus
2317 563 2501 632 annis
2544 585 2583 630 a
2632 560 2917 632 solstitio

775 668 980 740 duum
1009 667 1388 738 cubitorum
1419 667 1653 737 scrobe
1678 666 1891 760 pedali
1928 666 2307 738 altitudine:
2334 670 2685 738 stercorari
2706 669 2757 695 ²²
2782 683 2917 736 ter-

779 778 872 844 tio
909 799 1107 844 anno,

708 893 738 948 4
881 883 1088 975 Mago
1111 879 1284 949 idem
1306 866 1352 904 ²³
1391 877 1771 973 amygdalas
1794 879 1879 948 ab
1910 903 2149 950 occasu
2185 881 2455 950 Arcturi
2480 879 2565 949 ad
2598 881 2915 950 brumam

779 988 906 1056 seri
943 987 1150 1080 jubet.
1178 987 1330 1056 Pira
1365 1011 1502 1056 non
1531 985 1763 1054 eodem
1792 998 2093 1080 tempore
2124 987 2389 1072 omnia,
2428 987 2749 1080 quoniam
2776 1011 2919 1056 non

779 1118 964 1186 seque
1010 1094 1310 1162 floreant.
1363 1091 1617 1162 Eadem
1644 1089 1989 1185 oblonga,
2036 1106 2154 1161 aut
2210 1039 2496 1162 rotuimda
2536 1092 2623 1162 ab
2670 1116 2919 1162 occasu

781 1183 1308 1294 Vergiliarumf
1335 1197 1420 1268 ad
1462 1197 1793 1268 brumam·
1838 1196 2117 1291 Reliqua
2152 1221 2397 1292 genera
2438 1198 2657 1266 media
2694 1198 2919 1270 hieme

780 1305 866 1374 ab
909 1329 1151 1376 occasu
1193 1307 1500 1398 Sagittae,
1549 1302 2016 1386 subsolanum,
2062 1318 2183 1373 aut
2220 1305 2725 1399 septemtriones
2778 1327 2919 1397 spe-

782 1414 1047 1480 ctantiaL
1093 1414 1390 1480 Laurum
1437 1409 1522 1477 ab
1562 1433 1804 1479 occasu
1837 1407 2089 1503 Aquilae
2126 1409 2214 1479 ad
2262 1435 2572 1480 occasum
2623 1410 2913 1503 Sagittae.

783 1520 1101 1588 Connexa
1136 1517 1313 1586 enim
1357 1515 1440 1584 de
1475 1530 1775 1610 tempore
1804 1514 2060 1584 serendi
2082 1539 2267 1610 oeque
2294 1519 2464 1585 ratio
2488 1530 2607 1584 ωε.
2646 1517 2831 1584 Vere
2854 1531 2917 1584 et

781 1638 1103 1694 autumno
1146 1621 1211 1690 id
1257 1645 1498 1716 magna
1536 1646 1620 1691 ex
1669 1633 1855 1719 parte
1898 1620 2041 1689 fieri
2087 1620 2461 1692 decrevere.
2516 1623 2643 1692 Est
2686 1636 2757 1690 et
2794 1620 2915 1689 alia

780 1731 948 1800 hora
1003 1730 1180 1798 circa
1215 1729 1415 1799 Canis
1453 1742 1673 1816 ortuS‚
1722 1727 2142 1822 paucioribus
2176 1742 2337 1800 nota
2354 1779 2373 1808 ‚
2418 1729 2737 1823 quoniam
2784 1753 2915 1796 non

782 1836 1092 1905 omnibus
1148 1833 1308 1904 locis
1361 1836 1610 1930 pariter
1654 1832 1831 1904 utilis
1880 1832 2297 1930 intelligitur3
2342 1834 2457 1904 sed
2494 1834 2681 1904 haud
2722 1836 2913 1903 omit-

783 1941 980 2010 tenda
1011 1941 1241 2028 nobiS,
1267 1965 1404 2010 non
1431 1954 1685 2010 tractus
1720 1938 1993 2034 alicujus
2016 1942 2381 2026 rationem,
2402 1965 2635 2010 verum
2664 1955 2915 2010 naturae

736 2056 766 2106 5
786 2045 1020 2178 totiu²s⁶²
1026 2033 1581 2142 ⁵indagantibus.
1640 2049 1722 2114 In
1764 2047 2128 2140 Cyrenaica
2168 2047 2435 2142 regione
2483 2045 2607 2116 sub
2654 2049 2911 2117 Etesia-

785 2153 976 2223 rum²
979 2139 1226 2232 ⁶ssatu
1278 2168 1699 2223 conserunt:
1758 2177 1881 2222 nec
1929 2176 2065 2221 non
2112 2167 2180 2222 et
2224 2155 2289 2220 in
2340 2155 2645 2222 Graecia:
2702 2153 2909 2223 oleam

784 2263 1068 2329 maxime
1095 2263 1164 2328 in
1195 2261 1501 2329 Laconia.
1524 2261 1659 2329 Cos
1694 2257 1905 2328 insula
1932 2273 2000 2327 et
2025 2260 2191 2328 vites
2223 2274 2381 2328 tunc
2415 2259 2575 2328 serit
2584 2257 2669 2327 ⁷²:
2696 2263 2909 2330 caeteri

782 2366 958 2461 apud
1002 2367 1274 2438 Graecos
1299 2415 1320 2449 ‚
1373 2363 1709 2434 inoculare
1754 2379 1821 2434 ct
1863 2366 2151 2434 inserere
2202 2391 2337 2434 non
2392 2365 2748 2452 dubitant3
2803 2366 2909 2436 sed

783 2474 1056 2541 arbores
1099 2497 1235 2540 non
1276 2487 1536 2540 serunt:
1574 2470 2067 2566 plurimumque
2110 2473 2177 2540 in
2214 2497 2295 2540 eo
2335 2470 2633 2540 locorum
2680 2487 2913 2541 natura

782 2579 1020 2674 pollet:
1048 2602 1335 2672 namque
1363 2579 1430 2647 in
1450 2578 1736 2673 AEgypto
1756 2580 1937 2647 omni
1972 2593 2199 2649 serunt
2227 2602 2483 2666 mense,
2514 2593 2584 2647 et
2616 2578 2909 2649 ubicum-

1894 2768 2260 2825 undecimum.
2318 2771 2509 2843 Sagitta
2564 2790 2699 2825 vero
2746 2773 2913 2826 oritur

1892 2862 2080 2903 octavo
2104 2848 2320 2903 kalend.
2347 2850 2521 2904 martii
2537 2850 2625 2919 ‚id
2652 2864 2758 2915 est,
2784 2853 2913 2905 circu

784 2792 984 2843 ponere
1009 2790 1253 2827 muscum
1268 2809 1284 2835 ‚
1313 2790 1382 2823 ne
1401 2772 1512 2823 sole
1537 2769 1803 2835 findatur,

783 2866 886 2906 etc.
905 2879 927 2900 ι
961 2852 1146 2905 Iino.

868 2952 895 2984 2
909 2953 958 2986 2.
988 2932 1272 2985 Stercomri.
1289 2928 1569 2985 Columell.
1592 2929 1693 2983 loc.
1713 2930 1805 2985 cit.

791 3040 811 3061 ι
828 3010 1013 3065 Tertio
1041 3026 1259 3083 quoque
1281 3027 1422 3061 anno
1450 3009 1581 3063 fimo
1610 3010 1694 3061 vel
1711 3028 1807 3081 pa·

782 3090 1028 3145 bulandoe
1053 3103 1177 3143 sunt
1212 3089 1362 3141 olcae.
1385 3112 1406 3133 ι
1435 3088 1620 3141 Hum-

867 3171 958 3225 23.
987 3170 1146 3241 Mago
1185 3169 1325 3221 idem.
1355 3169 1425 3221 Et
1451 3166 1721 3221 Palladius
1748 3168 1804 3221 in

781 3250 900 3303 Jan.
924 3250 1019 3303 lib.
1049 3251 1103 3303 11
1125 3291 1141 3315 ,
1181 3250 1263 3301 tit.
1297 3250 1363 3301 15
1391 3264 1407 3300 ε
1435 3274 1457 3295 ι
1478 3247 1807 3321 Amygdnlus

783 3329 970 3383 seritur
995 3349 1175 3383 mense
1197 3327 1440 3399 januario
1455 3366 1474 3391 ,
1509 3339 1565 3380 et
1590 3328 1804 3381 februa·

781 3410 865 3461 rio
893 3428 906 3459 =
934 3408 1062 3461 item
1101 3409 1232 3463 locis
1273 3401 1477 3461 callidis
1515 3408 1729 3462 octobri
1754 3420 1807 3461 et

783 3486 1080 3541 novembri.
1108 3500 1139 3537 '-
1197 3489 1276 3539 De
1325 3505 1509 3541 occasu
1555 3488 1807 3551 Arcturi,

783 3567 880 3621 lib.
925 3568 1116 3621 XVIII
1141 3609 1158 3633 ‚
1215 3585 1331 3637 cap.
1372 3573 1458 3636 74.
1488 3567 1568 3619 De
1616 3586 1803 3621 occasu

784 3646 1140 3719 Vergiliarum
1159 3686 1174 3712 ‚
1194 3645 1290 3699 lib.
1319 3646 1514 3697 XVIII
1530 3682 1548 3707 ,
1569 3664 1688 3717 cap.
1712 3647 1803 3715 59.

783 3726 1026 3798 Sagittae,
1047 3744 1162 3797 cap.
1198 3730 1290 3795 74.
1319 3724 1525 3795 Aquila
1552 3723 1769 3779 demum
1790 3762 1809 3787 ‚

783 3825 901 3879 cap.
932 3810 1024 3873 69.
1051 3802 1232 3856 Hmu.

863 3892 956 3948 aci.
1003 3884 1089 3939 Ab
1114 3904 1282 3937 occasu
1317 3884 1670 3954 Vergiliarum,
1706 3897 1805 3939 etc.

782 3964 1096 4019 Columella!
1142 3964 1397 4037 Vergiliae
1445 3964 1692 4017 oriuntur
1750 3983 1805 4017 vx

783 4044 900 4099 idus
926 4044 1230 4097 novembris
1249 4084 1265 4107 ,
1293 4042 1352 4097 id
1373 4056 1477 4109 est,
1501 4043 1640 4096 circa
1659 4042 1805 4097 diem

1893 2929 2208 3001 vigesimum
2254 2930 2538 2995 februarii,
2576 2948 2685 3003 qua
2716 2932 2911 2985 ratione

1892 3008 2086 3063 occidit
2138 3010 2279 3063 circa
2334 3010 2647 3081 vigesimum
2695 3013 2911 3083 augusti.

1894 3089 2089 3161 Aquila
2121 3090 2533 3160 oriturseptimo
2567 3088 2691 3143 idus
2714 3089 2911 3145 decem·

1893 3168 2004 3223 bris
2023 3206 2039 3232 ,
2066 3168 2123 3222 id
2151 3181 2229 3223 est
2248 3208 2265 3233 ,
2289 3169 2431 3222 circa
2460 3170 2749 3241 septimum
2777 3170 2909 3223 diem

1892 3250 2004 3321 ejus
2045 3248 2237 3301 mensis
2267 3267 2279 3299 ε
2324 3267 2429 3321 qua
2475 3250 2686 3303 ratione
2731 3250 2911 3305 occidit

1893 3328 2035 3381 circa
2060 3328 2345 3399 septimum
2374 3328 2519 3383 maii.
2554 3330 2763 3384 Duae.

1976 3408 2066 3461 25.
2097 3408 2273 3461 Verum
2290 3420 2478 3461 παίω-ω
2514 3410 2909 3463 τοεὶωᾸηΜὸδ.

1888 3490 2065 3559 potius.
2092 3488 2275 3541 Hum.

1976 3573 2067 3622 26.
2082 3566 2183 3619 sub
2199 3568 2489 3621 Etesiarum.
2516 3570 2598 3623 De
2615 3568 2702 3623 hio
2722 3568 2909 3641 ep‘ums

1892 3646 1990 3699 lib.
2016 3648 2101 3711 11,
2128 3666 2174 3700 c.
2205 3654 2275 3717 47
2295 3687 2311 3714 ‚
2335 3645 2689 3719 dicemusque
2726 3650 2909 3703 iterum
3020 3718 3022 3723 1

1896 3726 1990 3778 lib.
2012 3727 2233 3787 XVIII.
2262 3746 2375 3798 cap.
2403 3730 2496 3781 68.
2522 3729 2712 3783 Ilum.

1980 3824 2071 3879 27..
2106 3806 2203 3858 Cos
2238 3808 2391 3859 imula
2420 3820 2469 3859 ee
2489 3812 2614 3860 vites
2653 3821 2763 3860 tunc
2786 3810 2905 3859 serit.

1899 3885 1987 3937 Sio
2011 3904 2077 3938 cx
2116 3884 2271 3939 MSS.
2304 3886 2512 3941 emend.
2550 3886 2721 3941 Hard.
2749 3886 2909 3940 Gron.

1896 3976 1948 4015 et
1986 3965 2071 4017 Al.
2107 3964 2202 4019 Cos
2233 3967 2391 4019 insula
2417 3980 2463 4017 et
2492 3970 2613 4019 vites
2641 3988 2659 4021 :
2692 3980 2798 4019 tunc
2822 3968 2908 4017 ser-i

1896 4044 2029 4114 apud
2056 4042 2272 4099 Groecos.
2289 4046 2403 4099 En.
