3150 5150
755 436 898 518 124

1281 433 1358 500 C.
1412 435 1745 504 PLINII
1800 436 2027 506 NAT.
2084 438 2345 506 HIST.

743 567 1004 634 arctari.
1019 565 1202 654 Quin
1219 567 1424 635 immo
1449 568 1647 636 etiam
1667 568 1905 662 quibus
1923 567 2148 638 salices
2166 583 2544 663 supersunt,
2572 567 2863 642 molliore

742 672 872 741 hoc
897 670 1163 742 vinculo
1187 671 1404 742 facere
1430 672 1688 742 malunt
1706 727 1727 761 ,
1767 675 2139 768 herbaque,
2168 673 2371 743 Siculi
2404 699 2604 769 quam
2632 694 2867 748 vocant

742 777 1389 872 ampelodesmon¹⁹:
1429 782 1693 860 ,Graecia
1742 804 1899 850 vero
1942 783 2251 850 universa
2292 781 2533 873 junc0,
2588 807 2865 876 cypero,

743 883 981 953 ulva²⁰.
1021 885 1398 954 Liberatam
1433 910 1699 980 quoque
1727 886 1995 956 vinculo
2025 912 2145 982 per
2172 885 2423 981 aliquot
2444 887 2583 957 dies
2612 893 2867 983 vagari,

737 1005 806 1058 et
843 991 1247 1060 inconditam
1297 994 1561 1087 spargi,
1606 1007 1801 1087 atque
1852 994 1919 1060 in
1974 1007 2149 1062 terra
2171 1047 2191 1082 ,
2248 1018 2448 1087 quam
2476 1019 2615 1088 per
2660 1010 2867 1064 totum

640 1115 706 1173 46
741 1121 988 1166 annum
1009 1099 1052 1124 ²⁸
1089 1100 1518 1192 spectaverit,
1558 1098 1963 1168 recumbere.
2006 1101 2373 1194 Namque²²
2404 1114 2481 1168 ut
2510 1103 2806 1170 veterina
2836 1129 2871 1170 a

735 1204 930 1297 juge,
973 1218 1039 1273 et
1067 1227 1264 1274 canes
1301 1229 1340 1272 a
1376 1229 1575 1274 cursu
1610 1203 1933 1276 volutatio
1966 1207 2189 1298 juvat,
2223 1208 2315 1275 ita
2356 1220 2496 1274 tum
2538 1221 2607 1275 et
2640 1209 2871 1276 vitium

739 1311 992 1405 porrigi
1022 1308 1303 1378 lumbos.
1335 1310 1554 1381 Arbor
1580 1335 1845 1405 quoque
1882 1313 2025 1406 ipsa
2066 1313 2311 1406 gaudet
2349 1312 2618 1382 assiduo
2664 1312 2871 1383 levata

641 1478 650 1490 .
741 1441 976 1503 onere,
1013 1413 1240 1485 similis
1283 1417 1651 1510 respiranti.
1690 1415 2000 1512 Nihilque
2040 1407 2207 1487 est²3
2238 1421 2307 1487 in
2352 1443 2555 1512 opere
2592 1434 2872 1512 naturae,

744 1522 924 1616 quod
965 1547 1104 1592 non
1157 1519 1460 1616 exemplo
1499 1521 1758 1592 dierum
1798 1525 2225 1620 noctiumque
2274 1522 2524 1618 aliquas
2563 1529 2747 1594 vices
2782 1527 2875 1594 fe·-

743 1629 990 1696 riarum
1029 1627 1203 1698 velit.
1249 1627 1360 1697 Ob
1397 1627 1464 1696 id
1494 1631 1797 1723 protinus
1831 1655 1869 1698 a
1898 1630 2231 1700 vindemia
2271 1634 2530 1725 putari,
2574 1646 2644 1699 et
2680 1630 2875 1702 lassas

745 1736 1102 1804 etiamnum
1142 1735 1365 1804 fructu
1415 1734 1595 1803 edito
1614 1787 1633 1817 ,
1686 1735 2117 1830 improbatur.
2162 1739 2416 1806 Putatae
2460 1761 2695 1806 rursus
2744 1737 2875 1806 alli·

707 1849 716 1860 '
746 1855 986 1935 gentur
1007 1839 1134 1911 alio
1163 1838 1311 1909 loco
1342 1866 1356 1908 :
1401 1865 1687 1935 namque
1716 1842 1961 1911 orbitas
1982 1833 2032 1876 ²⁴
2054 1841 2301 1912 vinculi
2338 1844 2667 1929 sentiunt,
2697 1869 2877 1912 vexa-

745 1948 922 2016 tione
951 1972 1085 2015 non
1115 1946 1332 2014 dubia.
1357 1946 1691 2016 Traduces
1720 1947 1973 2018 Gallica
2012 1947 2271 2018 cultura
2287 1938 2332 1976 ²⁵
2364 1948 2503 2017 hini
2543 1951 2875 2044 utrimque

745 2051 1053 2123 lateribus
1075 2107 1096 2141 ,
1123 2055 1176 2123 si
1214 2078 1366 2148 pars
1399 2054 1825 2149 quadrageno
1842 2043 1891 2082 ²⁶
1915 2055 2111 2124 distet
2146 2057 2393 2150 spatio:
2440 2059 2786 2149 quaterni,
2826 2059 2873 2126 si

745 2241 801 2292 in
807 2238 966 2306 ci'dat,
975 2253 1332 2312 truncumque
1341 2239 1648 2309 strangulet.
1661 2267 1683 2286 ι
1693 2243 1761 2294 Η.

833 2341 854 2374 1
869 2339 922 2388 9.
934 2320 1352 2390 Ampelodesmon.
1367 2323 1413 2374 A
1429 2317 1639 2389 liganda
1656 2320 1765 2374 vite

746 2400 794 2452 ei
817 2399 994 2454 herbo
1011 2418 1230 2453 nomen.
1250 2387 1481 2470 Ᾰμπιλος
1509 2398 1631 2452 vitis
1659 2411 1765 2465 est,

747 2479 1022 2533 vinculum
1049 2475 1252 2550 δεσμός.
1284 2481 1349 2532 lu
1379 2476 1554 2534 Sicilia
1586 2478 1769 2532 hodie·

747 2577 854 2631 que
879 2559 976 2611 Dis
1000 2559 1213 2624 vocari,
1236 2571 1420 2613 auctor
1447 2568 1526 2613 est
1549 2559 1771 2631 Anguil-

748 2641 860 2693 lara
889 2652 1026 2711 part.
1059 2658 1156 2700 υ,
1187 2658 1307 2711 pag.
1339 2647 1470 2704 πᾶ.
1505 2639 1683 2692 ΗΑιω.

831 2737 920 2772 20.
953 2718 1096 2772 Uloa.
1127 2718 1296 2781 Ulvn,
1327 2720 1493 2775 herba
1518 2719 1767 2791 palustris

747 2810 841 2851 est.
865 2798 988 2851 Vox
1017 2811 1144 2851 nota
1162 2799 1412 2870 Virgilio,
1438 2813 1490 2855 et
1505 2800 1639 2856 aliis.
1658 2798 1724 2852 Η.

831 2898 860 2931 2
875 2898 895 2931 1
908 2919 922 2932 .
955 2879 1116 2947 Quam
1147 2898 1238 2948 per
1269 2890 1418 2931 totum
1457 2898 1649 2934 antium.
1682 2878 1767 2931 Sic

745 2958 871 3033 libri
893 2976 1103 3023 omnes,
1129 2958 1282 3011 etiam
1298 2958 1449 3013 MSS.
1483 2958 1767 3013 Pelicerius

748 3051 920 3091 tamen
963 3038 1018 3090 in
1074 3039 1212 3090 uotis
1247 3040 1627 3109 marginalibus
1670 3036 1766 3090 ad-

745 3131 953 3180 monet,
979 3118 1080 3170 sibi
1105 3116 1276 3171 videri
1303 3138 1486 3172 vocem
1521 3137 1641 3171 eam
1674 3136 1765 3169 an·

748 3216 858 3249 num
887 3197 1141 3268 adjectam
1185 3216 1216 3250 a
1263 3198 1430 3251 sciolo
1469 3198 1723 3271 quopiam
1748 3216 1764 3249 :

747 3278 849 3346 legi
869 3298 960 3346 per
989 3290 1141 3329 eoram
1171 3291 1451 3347 oportere,
1481 3279 1585 3332 hoc
1614 3288 1713 3340 est,
1737 3296 1770 3329 e

748 3356 914 3408 cubili
955 3358 1166 3408 arboris·
1189 3357 1595 3428 requiescendo:
1628 3357 1769 3409 allu-

749 3436 951 3487 sionem
975 3434 1144 3487 videri
1168 3441 1216 3487 in
1235 3450 1358 3487 terra
1375 3476 1391 3503 ,
1414 3452 1466 3491 et
1483 3458 1573 3507 per
1594 3450 1765 3489 torum.

749 3515 922 3567 Toros
947 3533 976 3566 a
997 3514 1306 3580 Columella,
1334 3517 1428 3569 lib.
1453 3519 1526 3579 V,
1558 3534 1674 3587 cap.
1703 3521 1735 3569 6
1752 3554 1769 3577 ,

749 3593 1006 3665 appellari
1025 3606 1199 3663 partes
1215 3614 1301 3647 eas
1319 3596 1661 3667 vitis,quibus
1684 3614 1768 3648 ar-

750 3674 870 3727 bon-i
889 3672 1206 3744 applicatur.
1224 3674 1256 3725 J
1265 3674 1480 3728 udicent
1503 3675 1680 3745 periti.
1698 3675 1767 3728 H.

834 3774 921 3806 22.
961 3752 1195 3824 Namque.
1242 3754 1380 3807 Nam
1425 3768 1484 3809 ut
1531 3754 1771 3808 veterina

740 3836 959 3902 jumenta
973 3871 990 3897 ,
1029 3845 1284 3905 postquam
1335 3834 1540 3885 liberata
1581 3846 1695 3885 sune
1738 3852 1770 3886 a

746 3914 874 3983 jugo
888 3950 902 3971 ‚
929 3925 982 3967 et
1007 3932 1162 3967 canes
1177 3924 1290 3983 post
1303 3932 1488 3965 cursum
1507 3913 1771 3967 volutatio

746 3995 894 4064 juvat
909 3998 960 4045 in
971 3994 1185 4063 pulvere,
1199 3994 1270 4047 ita
1295 4006 1348 4046 et
1369 3994 1554 4047 vitium
1567 3992 1773 4064 porrigi

745 4073 1000 4140 'mimice-t,
1033 4076 1172 4145 quasi
1189 4074 1342 4127 latera
1373 4087 1424 4128 et
1445 4074 1679 4127 lumbos.
1704 4072 1771 4125 H.

1934 2243 2025 2294 23.
2072 2241 2305 2312 Na‘lu'lque
2324 2253 2411 2294 est.
2439 2240 2561 2294 Huc
2598 2255 2801 2312 spectat
2822 2241 2875 2293 il·

1850 2318 1946 2373 lud
1976 2321 2235 2384 Nasonis,
2274 2319 2493 2373 Hei-oid.
2523 2321 2627 2386 IV,
2658 2341 2737 2376 vs.
2767 2324 2869 2389 892

1858 2425 1881 2447 ι
1912 2398 2075 2466 Quod
2114 2413 2257 2452 caret
2294 2401 2501 2452 alterna
2530 2401 2750 2471 requie,
2780 2399 2871 2452 du·

1848 2481 2019 2532 rabile
2044 2499 2155 2532 non
2188 2491 2281 2532 est.
2304 2504 2325 2525 ι
2354 2480 2537 2532 Ham).

1936 2566 2026 2624 ²4·
2048 2560 2271 2631 Namque
2294 2560 2493 2613 orbitas.
2524 2559 2591 2611 In
2624 2559 2782 2614 colb.
2813 2561 2869 2613 3:

1859 2665 1882 2687 α
1899 2640 2143 2711 Namque
2157 2639 2330 2691 orbita
2354 2639 2555 2693 vinculi
2574 2641 2784 2692 vexatio
2805 2653 2873 2693 est

1849 2738 1961 2772 non
1982 2716 2163 2773 dubia.
2190 2744 2213 2763 ι·
2247 2717 2385 2783 Alii,
2428 2745 2451 2765 κ
2480 2737 2723 2791 namque
2744 2720 2873 2771 orbi·

1854 2812 1957 2851 tam
1988 2798 2190 2851 vinculi
2224 2799 2459 2853 sentiunt
2478 2836 2493 2861 ,
2540 2800 2871 2852 vexationem

1850 2897 1961 2931 non
1990 2877 2226 2931 dubiam.
2258 2901 2279 2925 s
2304 2875 2447 2930 Vide
2462 2878 2681 2931 Colum.
2700 2880 2874 2939 lihff.

1852 2976 1968 3028 cap.
2000 2961 2054 3012 6.
2106 2959 2287 3010 Hann.

1938 3040 2029 3091 25.
2056 3038 2257 3091 Gallica
2282 3038 2491 3089 cutem-a.
2536 3038 2619 3089 Ut
2665 3036 2879 3105 quidem

1854 3118 2017 3170 moris
2047 3130 2121 3171 cst
2148 3118 2203 3170 in
2229 3106 2663 3185 arbustistalliae
2690 3117 2881 3170 Trans⁶

1856 3196 2068 3267 alpinae.
2094 3195 2368 3249 Traduces
2408 3209 2533 3248 sunt
2576 3197 2823 3267 palmites
2850 3196 2881 3247 ii

1854 3276 1948 3348 qui
1982 3294 2049 3329 ex
2076 3294 2182 3329 una
2209 3280 2427 3337 arbore,
2454 3276 2543 3329 cui
2576 3276 2879 3348 alligantur,

1856 3355 2106 3421 deducti,
2152 3374 2274 3409 cum
2316 3356 2626 3427 palmitibus
2676 3356 2885 3409 alterius

1854 3437 2059 3488 arboris
2078 3436 2339 3505 proximis
2360 3447 2775 3488 connectuntur.
2816 3436 2880 3486 Η.
2962 3478 2968 3483 ,

1940 3519 2031 3569 26.
2060 3514 2118 3567 Si
2130 3534 2251 3584 pars
2270 3515 2597 3586 quadrageno.
2642 3516 2703 3569 Si
2736 3513 2881 3587 pedi—

1856 3596 1955 3647 bus
1990 3592 2339 3666 quadragenis
2380 3594 2597 3647 arbores
2643 3595 2787 3647 inter
2834 3612 2883 3645 se

1856 3673 2145 3727 dissideant
2176 3693 2189 3727 τ
2218 3672 2366 3745 quod
2398 3674 2629 3743 spatium
2662 3674 2883 3727 arationi

1856 3753 2169 3809 destinatur.
2198 3755 2254 3807 Si
2282 3754 2487 3806 vicenis
2516 3764 2759 3818 tantum,
2780 3767 2884 3805 tra·

1858 3832 2019 3887 duces
2060 3852 2169 3887 esse
2192 3844 2416 3905 possunt
2440 3835 2724 3903 quaterni3
2754 3852 2883 3903 quo·

1856 3913 2000 3965 niam
2018 3953 2034 3980 ,
2056 3926 2117 3965 ut
2137 3914 2381 3985 superius
2410 3912 2613 3965 dictum
2642 3924 2724 3965 est
2742 3950 2757 3976 ,
2780 3932 2881 3963 non

1862 3993 1937 4045 ibi
1964 4005 2160 4046 aratur.
2201 3992 2319 4045 Hoc
2348 3992 2504 4063 plane
2534 3990 2755 4045 videtur
2780 4008 2883 4044 esse

1860 4072 2006 4143 quod
2031 4073 2103 4126 ait
2130 4072 2340 4126 Colum.
2377 4071 2472 4124 lib.
2495 4072 2564 4137 V,
2592 4090 2711 4143 cap.
2748 4090 2802 4141 7,
2820 4069 2881 4121 de
